timestamp,bid_price_1,bid_volume_1,bid_price_2,bid_volume_2,bid_price_3,bid_volume_3,bid_price_4,bid_volume_4,bid_price_5,bid_volume_5,ask_price_1,ask_volume_1,ask_price_2,ask_volume_2,ask_price_3,ask_volume_3,ask_price_4,ask_volume_4,ask_price_5,ask_volume_5
1775494618842,69833.67000000,1.86187000,69820.75000000,0.00000000,69819.70000000,0.05127000,69817.92000000,0.02200000,69813.33000000,0.00000000,69833.68000000,2.44440000,69833.69000000,0.00064000,69842.49000000,0.01555000,69851.09000000,0.11456000,69861.12000000,0.51528000
1775494618942,69833.67000000,1.86256000,69828.00000000,0.00040000,69826.00000000,0.00040000,69812.38000000,0.00000000,69811.11000000,0.00000000,69836.21000000,0.00008000,69911.38000000,0.00000000,,,,,,
1775494619042,69833.67000000,1.63386000,69824.08000000,0.05037000,69824.00000000,0.00040000,69819.70000000,0.00300000,69815.91000000,0.00000000,69849.85000000,0.00000000,69850.26000000,0.09922000,69851.09000000,0.00000000,69853.33000000,0.02000000,69905.61000000,0.02000000
1775494619141,69819.70000000,0.01909000,69815.82000000,0.02400000,69814.94000000,0.02400000,69809.07000000,0.00000000,69807.80000000,0.06997000,69842.49000000,0.08029000,69844.00000000,0.22752000,69855.78000000,0.02000000,69856.67000000,0.02000000,69865.26000000,0.00000000
1775494619241,69833.67000000,1.62093000,69823.27000000,0.00115000,69822.21000000,0.01428000,69812.72000000,0.00014000,69807.80000000,0.00000000,69833.68000000,2.48761000,69844.98000000,0.00008000,69845.03000000,0.00000000,69854.63000000,0.00014000,69865.97000000,0.00000000
1775494619341,69833.67000000,1.62235000,69829.41000000,0.00008000,69827.73000000,0.01431000,69822.59000000,0.00008000,69819.70000000,0.00300000,69850.41000000,0.01984000,69867.73000000,0.00000000,,,,,,
1775494619441,69833.67000000,1.62251000,69833.66000000,0.00032000,69830.54000000,0.08260000,69829.41000000,0.00000000,69827.73000000,0.01439000,69833.68000000,2.48737000,69833.69000000,0.00056000,69874.02000000,0.02000000,85796.91000000,0.00000000,,
1775494619541,69805.73000000,0.04827000,69801.06000000,0.00000000,69794.06000000,0.00000000,69792.38000000,0.00079000,69785.91000000,0.00000000,69911.03000000,0.00000000,69926.96000000,0.00248000,,,,,,
1775494619641,69808.86000000,0.58425000,69808.49000000,0.00000000,69807.22000000,0.42961000,69797.07000000,0.00200000,69790.07000000,0.00200000,69833.73000000,0.00000000,69852.69000000,0.54851000,69865.10000000,0.00143000,69934.15000000,0.94042000,,
1775494619741,69833.67000000,1.62259000,69833.66000000,0.00040000,69805.61000000,2.57823000,69754.28000000,0.00000000,69484.50000000,0.01000000,69833.68000000,2.48713000,69833.69000000,0.00032000,69849.38000000,0.09436000,69849.64000000,0.00000000,69850.26000000,0.00000000
1775494619841,69833.67000000,1.68925000,69827.73000000,0.00008000,69815.11000000,0.08738000,69813.99000000,0.00000000,69808.50000000,0.00000000,69833.68000000,2.27713000,85061.06000000,0.00000000,,,,,,
1775494619942,69833.67000000,1.67646000,69830.54000000,0.08260000,69827.73000000,0.00000000,69824.12000000,0.36751000,69819.70000000,0.00300000,69936.70000000,0.00000000,,,,,,,,
1775494620044,69833.67000000,1.61472000,69830.54000000,0.00008000,69829.72000000,0.00000000,69823.28000000,0.02048000,69822.66000000,0.00000000,69833.68000000,2.27907000,69833.94000000,0.01146000,69847.91000000,0.21475000,69849.73000000,5.72629000,69855.24000000,0.35076000
1775494620142,69833.67000000,1.69678000,69830.55000000,0.00008000,69830.54000000,0.00000000,69830.22000000,0.01432000,69830.21000000,0.08252000,69833.68000000,2.27962000,69833.69000000,0.00040000,69833.78000000,0.01683000,69833.79000000,0.00000000,69833.80000000,0.00008000
1775494620241,69833.67000000,1.61596000,69833.66000000,0.00048000,69831.50000000,5.72786000,69830.55000000,0.00000000,69830.22000000,0.00008000,69833.68000000,2.48638000,69833.69000000,0.00024000,69833.78000000,0.04264000,69833.80000000,0.00000000,69833.94000000,0.00000000
1775494620342,69833.67000000,0.96167000,69833.66000000,0.00056000,69831.51000000,0.00032000,69831.50000000,5.72786000,69831.15000000,0.00000000,69833.68000000,2.53642000,69833.69000000,0.00016000,69833.78000000,0.04264000,69834.11000000,0.08260000,69834.84000000,0.01146000
1775494620442,69833.67000000,0.95436000,69833.66000000,0.00048000,69831.52000000,0.00008000,69831.51000000,0.00024000,69831.50000000,5.72786000,69833.68000000,2.55303000,69833.78000000,0.04495000,69834.11000000,0.08260000,69834.84000000,0.00008000,69834.86000000,0.00008000
1775494620541,69833.67000000,1.40506000,69829.65000000,0.08252000,69827.35000000,0.21399000,69827.08000000,0.00008000,69826.51000000,0.00000000,69833.68000000,2.50933000,69834.11000000,0.00008000,69834.84000000,0.00000000,69835.30000000,0.05373000,69836.21000000,0.00000000
1775494620641,69833.67000000,1.37325000,69831.52000000,0.00024000,69831.51000000,1.64494000,69830.50000000,0.01439000,69829.66000000,0.02581000,69833.68000000,2.71614000,69833.78000000,0.01680000,69834.10000000,0.00000000,69834.11000000,0.00000000,69835.29000000,0.00000000
1775494620742,69833.67000000,0.88056000,69831.52000000,0.00008000,69831.51000000,0.00032000,69830.50000000,0.01439000,69829.66000000,0.00008000,69833.68000000,2.72752000,69833.77000000,0.02525000,69833.78000000,0.08260000,69834.71000000,0.00000000,69834.76000000,0.00000000
1775494620853,69833.67000000,0.00000000,69833.66000000,0.00000000,69833.62000000,0.00000000,69833.61000000,0.00000000,69832.72000000,0.00000000,69830.32000000,3.03418000,69830.49000000,0.90840000,69830.50000000,0.26220000,69830.51000000,1.77463000,69830.65000000,3.21409000
1775494620942,69830.31000000,0.00000000,69830.30000000,0.00000000,69830.29000000,0.00000000,69830.28000000,0.00000000,69829.38000000,0.00000000,69828.01000000,6.35551000,69828.02000000,0.00008000,69828.50000000,0.00300000,69828.97000000,0.00000000,69828.98000000,0.00016000
1775494621043,69828.00000000,0.00000000,69827.99000000,0.00000000,69827.90000000,0.00000000,69827.36000000,0.00000000,69827.35000000,0.00000000,69824.59000000,4.20868000,69824.60000000,0.00008000,69825.29000000,0.00000000,69825.89000000,0.00000000,69826.04000000,0.00008000
1775494621141,69824.58000000,1.52717000,69824.57000000,0.00080000,69822.60000000,0.11005000,69822.59000000,0.00008000,69822.24000000,0.00016000,69824.59000000,4.46821000,69826.58000000,0.00016000,69826.59000000,0.01420000,69827.37000000,0.42173000,69827.99000000,0.00016000
1775494621242,69824.58000000,1.60536000,69824.57000000,0.00056000,69822.62000000,0.00016000,69822.61000000,0.00000000,69822.60000000,0.00016000,69824.59000000,4.41234000,69826.59000000,0.01511000,69827.37000000,0.42173000,69827.99000000,0.00000000,69828.00000000,0.00016000
1775494621344,69824.58000000,1.81784000,69824.57000000,0.00056000,69822.62000000,0.00000000,69822.60000000,0.00008000,69822.44000000,0.00021000,69824.59000000,3.47106000,69826.58000000,0.00000000,69826.59000000,0.00099000,69827.37000000,0.31296000,69828.00000000,0.00000000
1775494621443,69824.58000000,2.92930000,69824.57000000,0.00008000,69824.18000000,5.72838000,69823.25000000,0.00300000,69822.60000000,0.00000000,69824.59000000,0.00516000,69824.60000000,0.00064000,69826.59000000,0.00091000,69827.36000000,0.00024000,69827.37000000,0.00016000
1775494621545,69836.06000000,11.21500000,69836.05000000,0.00008000,69835.28000000,0.00000000,69833.99000000,0.45201000,69833.75000000,0.00300000,69824.59000000,0.00000000,69824.60000000,0.00000000,69826.04000000,0.00000000,69826.05000000,0.00000000,69826.06000000,0.00000000
1775494621641,69837.99000000,2.46523000,69837.98000000,0.00008000,69837.97000000,0.00000000,69837.35000000,5.72746000,69837.34000000,0.20708000,69836.07000000,0.00000000,69836.08000000,0.00000000,69836.09000000,0.00000000,69836.52000000,0.00000000,69836.95000000,0.00000000
1775494621742,69837.99000000,2.46617000,69837.37000000,0.00016000,69837.36000000,2.17043000,69837.35000000,5.72738000,69837.34000000,0.00016000,69838.00000000,0.85089000,69838.01000000,0.00064000,69838.49000000,0.00008000,69841.99000000,0.19353000,69842.00000000,0.22750000
1775494621841,69837.99000000,1.62247000,69837.36000000,2.17051000,69837.35000000,5.72738000,69837.34000000,0.00321000,69836.08000000,0.00000000,69838.00000000,0.85152000,69838.01000000,0.00056000,69838.54000000,0.00000000,69840.00000000,0.22750000,69841.97000000,0.06710000
1775494621942,69837.99000000,1.82451000,69837.38000000,0.00016000,69837.37000000,1.77337000,69837.36000000,0.00024000,69832.74000000,0.00008000,69838.00000000,0.59223000,69838.01000000,0.00056000,69839.98000000,0.25618000,69839.99000000,0.22508000,69840.00000000,0.00144000
1775494622043,69837.99000000,1.82499000,69837.37000000,1.77345000,69837.36000000,0.00016000,69836.96000000,0.00008000,69836.06000000,0.20403000,69838.00000000,0.59239000,69838.01000000,0.00048000,69839.96000000,0.07604000,69839.97000000,0.00000000,69839.98000000,0.00008000
1775494622143,69837.99000000,0.00000000,69837.98000000,0.00000000,69837.38000000,0.00000000,69837.37000000,0.00000000,69837.36000000,0.00000000,69830.37000000,4.18310000,69830.38000000,0.00008000,69830.51000000,0.00000000,69830.52000000,0.00000000,69831.01000000,0.00000000
1775494622242,69830.36000000,1.61266000,69830.35000000,0.00040000,69830.30000000,0.06327000,69830.29000000,0.20608000,69830.22000000,0.00000000,69830.37000000,3.74791000,69832.44000000,0.00000000,69833.90000000,0.00030000,69834.40000000,0.00000000,69835.30000000,0.01402000
1775494622342,69830.36000000,1.58757000,69830.35000000,0.00048000,69830.31000000,0.00024000,69830.30000000,0.06335000,69830.29000000,0.20616000,69830.37000000,3.74798000,69835.29000000,0.00016000,69835.30000000,0.01410000,69836.08000000,0.42076000,69837.33000000,0.00000000
1775494622442,69830.36000000,1.54610000,69830.35000000,0.00056000,69828.50000000,0.00000000,69827.71000000,0.08268000,69827.22000000,0.01439000,69830.37000000,3.79405000,69835.29000000,0.00000000,69836.07000000,0.00000000,69836.08000000,0.42076000,69837.24000000,0.01200000
1775494622541,69830.36000000,1.36815000,69830.35000000,0.00048000,69830.30000000,0.00040000,69828.22000000,0.00144000,69821.23000000,0.00144000,69830.37000000,3.79413000,69835.29000000,0.00016000,69835.54000000,0.00789000,69836.07000000,0.74048000,69836.08000000,0.42076000
1775494622642,69830.36000000,0.10521000,69830.35000000,0.00048000,69830.31000000,0.00008000,69830.30000000,0.00032000,69830.29000000,0.00032000,69830.37000000,3.26085000,69831.55000000,0.01451000,69832.00000000,0.00300000,69832.09000000,0.02000000,69832.23000000,0.00771000
1775494622742,69830.36000000,0.00000000,69830.35000000,0.00000000,69830.31000000,0.00000000,69830.30000000,0.00000000,69830.29000000,0.00000000,69826.04000000,3.33239000,69826.05000000,0.00008000,69826.06000000,0.00000000,69827.12000000,0.00796000,69827.71000000,0.12511000
1775494622842,69826.03000000,1.02000000,69826.02000000,0.00064000,69824.59000000,0.11313000,69824.58000000,0.11837000,69824.41000000,0.00008000,69826.04000000,3.68777000,69826.08000000,0.00016000,69826.09000000,0.01429000,69827.12000000,0.00804000,69827.70000000,0.00016000
1775494622942,69826.03000000,0.23810000,69826.02000000,0.00064000,69824.55000000,0.00000000,69819.04000000,0.00300000,69818.01000000,0.00000000,69826.04000000,3.51406000,69826.09000000,0.01437000,69827.70000000,0.00000000,69827.71000000,0.09323000,69827.72000000,0.31213000
1775494623044,69826.03000000,0.07797000,69826.02000000,0.00064000,69825.87000000,0.00000000,69824.59000000,0.00032000,69822.66000000,0.00008000,69826.04000000,3.51951000,69826.08000000,0.00000000,69826.91000000,0.00000000,69827.72000000,0.31205000,69830.37000000,0.00406000
1775494623141,69826.03000000,0.10365000,69826.02000000,0.00056000,69824.60000000,0.00008000,69824.59000000,0.00024000,69824.58000000,0.11837000,69826.04000000,3.51951000,69827.72000000,0.31213000,69830.37000000,0.00398000,69832.08000000,0.09193000,69832.09000000,0.02008000
1775494623241,69826.03000000,0.62008000,69826.02000000,0.00048000,69824.60000000,0.00024000,69824.59000000,0.13694000,69824.58000000,0.11845000,69826.04000000,3.51951000,69826.08000000,0.00016000,69827.19000000,0.00008000,69827.70000000,0.00016000,69827.71000000,0.09339000
1775494623342,69826.03000000,1.64105000,69824.59000000,0.11126000,69824.58000000,0.11845000,69822.24000000,0.00000000,69822.23000000,0.00024000,69826.04000000,3.51951000,69826.08000000,0.00000000,69826.09000000,0.00008000,69827.12000000,0.00008000,69830.62000000,0.00008000
1775494623441,69826.03000000,1.56625000,69826.02000000,0.00056000,69824.58000000,0.11845000,69822.22000000,0.09819000,69820.60000000,0.07470000,69826.04000000,3.51951000,69826.09000000,0.00000000,69827.12000000,0.00000000,69827.72000000,0.31213000,69829.95000000,0.00792000
1775494623542,69826.03000000,1.56777000,69826.02000000,0.00064000,69813.93000000,0.00849000,69801.49000000,0.00000000,69752.03000000,0.00000000,69826.04000000,3.51951000,69826.89000000,0.01434000,69827.72000000,0.31213000,69829.95000000,0.00800000,69835.22000000,0.00008000
1775494623642,69826.03000000,1.36116000,69824.59000000,0.00032000,69820.60000000,0.15771000,69819.63000000,0.00000000,69819.17000000,0.00000000,69826.04000000,3.51981000,69826.88000000,0.00016000,69826.89000000,0.00008000,69826.98000000,0.00773000,69827.37000000,0.01456000
1775494623742,69826.03000000,0.54704000,69826.02000000,0.00056000,69824.60000000,0.00008000,69824.59000000,0.00024000,69822.02000000,0.00016000,69826.04000000,3.51951000,69826.88000000,0.00000000,69826.89000000,0.00000000,69826.98000000,0.00781000,69827.37000000,0.01464000
1775494623842,69826.03000000,0.54696000,69826.02000000,0.00056000,69822.22000000,0.09819000,69822.02000000,0.00000000,69822.01000000,0.00000000,69829.95000000,0.00800000,69831.30000000,0.51129000,69832.08000000,1.73270000,69834.81000000,5.72751000,69839.67000000,0.09028000
1775494623942,69820.60000000,0.15839000,69818.40000000,0.22607000,69815.79000000,0.02292000,69806.64000000,0.34391000,69803.64000000,0.10919000,69840.69000000,0.03711000,69849.98000000,0.00000000,69859.77000000,0.51529000,,,,
1775494624042,69826.03000000,0.53399000,69818.40000000,0.00000000,69798.86000000,0.00000000,69798.39000000,0.40650000,69797.59000000,0.00000000,69826.04000000,3.51808000,69826.26000000,0.00000000,69826.80000000,0.05373000,69827.11000000,0.00508000,69839.90000000,0.14315000
1775494624142,69822.22000000,0.09843000,69822.21000000,0.07083000,69820.61000000,0.00000000,69820.60000000,0.22334000,69818.40000000,0.22607000,69826.04000000,3.51815000,69826.80000000,0.05381000,69826.98000000,0.00781000,69827.11000000,0.00516000,69831.31000000,1.71258000
1775494624255,69826.03000000,0.00000000,69826.02000000,0.00000000,69826.01000000,0.00000000,69826.00000000,0.00000000,69825.84000000,0.00000000,69820.53000000,5.79492000,69820.56000000,0.00000000,69820.58000000,0.05347000,69820.60000000,1.41099000,69820.61000000,0.98738000
1775494624343,69820.52000000,0.64030000,69820.51000000,0.00032000,69819.69000000,0.00000000,69819.68000000,0.00000000,69819.36000000,0.00008000,69820.53000000,3.68968000,69820.54000000,0.00008000,69820.58000000,0.05355000,69820.59000000,1.03860000,69820.60000000,0.00008000
1775494624442,69820.52000000,0.33094000,69820.51000000,0.00032000,69818.99000000,0.00026000,69818.41000000,0.00000000,69818.34000000,0.00000000,69820.53000000,3.46702000,69820.57000000,0.04749000,69820.58000000,0.05355000,69820.59000000,0.00008000,69820.60000000,0.00000000
1775494624542,69820.52000000,0.00000000,69820.51000000,0.00000000,69819.36000000,0.00000000,69819.12000000,0.00000000,69818.99000000,0.00000000,69818.19000000,6.41076000,69818.20000000,0.00008000,69818.30000000,0.00000000,69818.34000000,0.00000000,69818.39000000,0.00000000
1775494624642,69818.18000000,0.14462000,69818.17000000,0.00048000,69815.66000000,0.00602000,69814.13000000,0.00000000,69812.80000000,0.00016000,69818.19000000,6.42253000,69818.55000000,0.23408000,69818.56000000,0.00008000,69818.57000000,0.42599000,69820.52000000,0.04329000
1775494624742,69818.18000000,0.11646000,69818.17000000,0.00056000,69815.66000000,0.00602000,69812.79000000,0.07854000,69812.78000000,0.02272000,69818.19000000,6.38239000,69818.55000000,0.23416000,69818.56000000,0.00000000,69820.58000000,0.05363000,69821.09000000,0.00861000
1775494624842,69818.18000000,0.01173000,69818.10000000,0.00000000,69815.31000000,0.00008000,69812.79000000,0.00032000,69812.16000000,0.00000000,69818.19000000,6.40174000,69819.61000000,0.00030000,69820.53000000,0.21797000,69835.15000000,0.02000000,69839.68000000,0.51544000
1775494624943,69818.18000000,0.00000000,69818.17000000,0.00000000,69818.00000000,0.00000000,69817.99000000,0.00000000,69817.83000000,0.00000000,69810.29000000,5.48764000,69810.30000000,0.00008000,69810.31000000,0.00000000,69810.88000000,0.00000000,69811.45000000,0.00000000
1775494625044,69810.28000000,0.53882000,69810.27000000,0.00024000,69808.87000000,0.00024000,69808.86000000,0.13224000,69808.85000000,0.43966000,69810.29000000,5.32360000,69812.38000000,0.00016000,69812.39000000,0.03684000,69812.40000000,0.04008000,69812.54000000,0.08276000
1775494625142,69810.28000000,0.53882000,69808.86000000,0.13232000,69808.85000000,0.43974000,69805.58000000,0.00016000,69805.57000000,0.09835000,69810.29000000,5.49871000,69812.37000000,0.00027000,69815.28000000,0.00000000,69815.29000000,0.13477000,69820.90000000,0.00000000
1775494625242,69808.85000000,0.43974000,69805.57000000,0.09827000,69805.56000000,0.00008000,69804.26000000,0.22121000,69804.25000000,0.22258000,69810.29000000,4.58333000,69813.51000000,0.00435000,69815.28000000,0.00016000,69815.29000000,0.13485000,69818.17000000,0.15812000
1775494625342,69810.28000000,0.71393000,69806.95000000,0.00008000,69805.57000000,0.09843000,69804.63000000,0.00016000,69804.62000000,0.00000000,69810.29000000,4.40962000,69815.28000000,0.00000000,69815.29000000,0.13477000,69818.17000000,0.64911000,69818.19000000,0.22738000
1775494625442,69810.28000000,0.53882000,69808.85000000,0.43982000,69806.65000000,0.04923000,69806.64000000,0.08252000,69805.59000000,0.00016000,69810.29000000,4.75984000,69816.43000000,0.00008000,69818.19000000,0.02038000,69819.50000000,0.00008000,69824.31000000,0.00000000
1775494625542,69810.28000000,0.69577000,69808.85000000,0.43974000,69806.66000000,0.00016000,69806.65000000,0.04931000,69805.59000000,0.00000000,69810.29000000,4.58473000,69815.28000000,0.00000000,69815.29000000,0.13477000,69818.74000000,0.00143000,69823.28000000,0.00115000
1775494625642,69810.28000000,0.69569000,69782.22000000,0.00000000,69748.41000000,0.00008000,69737.46000000,0.00000000,69736.45000000,0.00000000,69810.29000000,4.40865000,69820.50000000,0.00008000,69826.50000000,0.00008000,69830.00000000,0.00040000,69832.00000000,0.00340000
1775494625742,69810.00000000,0.00290000,69736.75000000,0.00000000,62829.26000000,0.00342000,62829.25000000,0.00090000,,,69810.29000000,4.58376000,69821.59000000,0.00008000,69824.59000000,0.05857000,69829.49000000,0.00000000,69830.00000000,0.00080000
1775494625842,69810.28000000,0.69540000,69810.27000000,0.00032000,69810.00000000,0.00370000,69788.66000000,0.61099000,69787.32000000,0.07000000,69810.29000000,4.58376000,69820.34000000,0.00000000,69820.39000000,0.00000000,69821.40000000,0.21491000,69824.58000000,2.07460000
1775494625942,69810.28000000,0.69499000,69796.31000000,0.00398000,69788.66000000,0.00000000,69787.41000000,0.00000000,69787.38000000,0.00000000,69810.29000000,4.58564000,69812.51000000,0.00008000,69816.95000000,0.00016000,69817.21000000,0.00000000,69817.28000000,0.00300000
1775494626043,69788.50000000,0.51581000,69787.33000000,0.00000000,69787.30000000,0.06899000,69785.79000000,0.00008000,69784.52000000,0.00000000,69810.29000000,4.58376000,69815.30000000,0.43425000,69815.32000000,0.01414000,69816.95000000,0.00000000,69817.67000000,0.00793000
1775494626141,69810.28000000,0.69499000,69810.27000000,0.00024000,69808.87000000,0.00008000,69808.86000000,0.00032000,69808.85000000,0.43966000,69811.00000000,0.00300000,69812.31000000,0.00030000,69812.38000000,0.00016000,69812.39000000,0.03684000,69812.53000000,0.00016000
1775494626240,69810.28000000,0.77485000,69809.82000000,0.00043000,69809.34000000,0.00053000,69808.87000000,0.00024000,69808.86000000,0.13229000,69810.29000000,4.36465000,69811.29000000,0.00769000,69812.31000000,0.00000000,69814.17000000,0.00793000,69814.76000000,0.00016000
1775494626342,69810.28000000,0.77485000,69808.86000000,0.13237000,69808.85000000,0.43982000,69806.65000000,0.00000000,69804.28000000,0.09862000,69810.29000000,4.36465000,69810.50000000,0.00016000,69810.51000000,0.01429000,69811.29000000,0.00777000,69813.51000000,0.00000000
1775494626442,69810.28000000,0.00000000,69810.27000000,0.00000000,69810.00000000,0.00000000,69809.97000000,0.00000000,69809.82000000,0.00000000,69808.86000000,5.75529000,69808.87000000,0.00008000,69809.09000000,0.00000000,69809.30000000,0.00000000,69809.31000000,0.00000000
1775494626542,69808.85000000,0.42390000,69808.84000000,0.00016000,69808.00000000,0.00080000,69805.56000000,0.00000000,69804.29000000,0.00015000,69808.86000000,5.71817000,69809.53000000,0.05371000,69809.80000000,0.00016000,69809.88000000,0.05389000,69810.27000000,0.14850000
1775494626642,69808.85000000,0.00000000,69808.84000000,0.74682000,69808.83000000,0.00008000,69808.44000000,0.01888000,69808.43000000,0.11172000,69808.85000000,3.46647000,69808.86000000,0.21242000,69808.87000000,0.00000000,69809.52000000,0.00000000,69809.87000000,0.00000000
1775494626742,69808.84000000,1.85094000,69808.83000000,0.00024000,69808.45000000,0.00024000,69808.44000000,0.05665000,69808.43000000,0.11180000,69808.85000000,2.74719000,69808.86000000,0.00172000,69809.52000000,0.01866000,69809.53000000,0.05379000,69809.88000000,0.00008000
1775494626842,69808.84000000,1.60255000,69808.43000000,0.11180000,69807.91000000,0.08260000,69802.76000000,0.00797000,69802.34000000,0.01434000,69808.85000000,2.99740000,69808.86000000,0.00164000,69809.51000000,0.00016000,69809.52000000,0.01874000,69809.53000000,0.05379000
1775494626942,69808.84000000,1.61551000,69807.91000000,0.08260000,69802.76000000,0.00805000,69791.64000000,0.10009000,69785.35000000,0.00000000,69808.85000000,2.92238000,69809.52000000,0.00008000,69809.53000000,0.00016000,69809.88000000,0.00000000,69810.27000000,0.00000000
1775494627045,69808.84000000,2.27400000,69808.83000000,0.00008000,69808.45000000,0.00000000,69808.44000000,0.12053000,69808.43000000,0.11148000,69808.85000000,0.31643000,69809.51000000,0.00000000,69809.52000000,0.00000000,69809.53000000,0.00008000,69811.12000000,0.00008000
1775494627141,69808.84000000,2.27435000,69808.45000000,0.00016000,69808.44000000,0.06000000,69807.92000000,0.00000000,69807.91000000,0.08276000,69808.85000000,0.31433000,69814.15000000,0.00024000,69814.16000000,0.00008000,69814.17000000,0.00000000,69814.28000000,0.00024000
1775494627242,69814.28000000,3.95510000,69814.27000000,0.00008000,69814.15000000,0.00000000,69813.72000000,0.08252000,69812.68000000,0.00008000,69808.85000000,0.00000000,69808.86000000,0.00000000,69809.07000000,0.00000000,69809.34000000,0.00000000,69809.53000000,0.00000000
1775494627343,69814.28000000,3.95634000,69813.73000000,0.00016000,69813.72000000,0.08276000,69811.41000000,0.00016000,69811.40000000,1.71039000,69814.29000000,1.36780000,69814.30000000,0.00064000,69814.91000000,0.00026000,69814.92000000,0.00000000,69815.73000000,0.01464000
1775494627442,69813.72000000,0.08276000,69811.41000000,0.00016000,69811.40000000,1.71047000,69811.39000000,5.72951000,69809.34000000,0.19487000,69814.29000000,1.34232000,69814.30000000,0.00064000,69815.73000000,0.01464000,69815.86000000,0.00024000,69815.87000000,0.01866000
1775494627542,69814.28000000,3.26311000,69811.13000000,0.00008000,69808.84000000,0.21711000,69800.31000000,0.00000000,69800.01000000,0.00000000,69814.29000000,1.79213000,69816.08000000,0.00000000,69818.01000000,0.00016000,69819.64000000,0.05373000,69820.53000000,0.21598000
1775494627642,69814.28000000,1.04018000,69814.27000000,0.00016000,69813.73000000,0.00024000,69811.41000000,0.00024000,69811.40000000,1.71055000,69814.29000000,2.52945000,69814.30000000,0.00056000,69815.30000000,0.00008000,69815.72000000,0.00016000,69815.86000000,0.00016000
1775494627742,69814.28000000,1.58893000,69813.26000000,0.00008000,69808.84000000,0.23098000,69807.68000000,0.00000000,69807.35000000,0.00777000,69814.29000000,1.97294000,69814.30000000,0.00064000,69815.87000000,0.03880000,69816.14000000,0.00008000,69816.28000000,0.00000000
1775494627841,69814.28000000,1.25187000,69814.27000000,0.00008000,69813.73000000,0.00008000,69813.72000000,0.00024000,69811.10000000,0.08252000,69814.29000000,2.26246000,69817.05000000,0.00016000,69833.35000000,0.08784000,69834.61000000,0.68416000,69860.15000000,0.00029000
1775494627942,69814.28000000,1.25195000,69813.72000000,0.00016000,69811.39000000,5.72951000,69798.30000000,0.00008000,69754.21000000,0.00000000,69814.29000000,2.05538000,69814.30000000,0.00056000,69815.87000000,0.01654000,69816.94000000,0.05016000,69817.04000000,0.00000000
1775494628043,69811.34000000,0.00030000,69792.69000000,0.00000000,69791.42000000,0.00000000,69700.97000000,0.04441000,62832.86000000,0.00324000,69814.30000000,0.00064000,69825.77000000,0.14318000,69829.07000000,0.19785000,69829.77000000,0.14318000,70113.09000000,0.00540000
1775494628141,69814.28000000,1.42876000,69809.68000000,0.00796000,69808.84000000,0.22777000,69796.02000000,0.02400000,69795.13000000,0.02400000,69814.29000000,1.79281000,69816.70000000,0.00008000,69817.98000000,0.00008000,69819.63000000,0.35802000,69823.17000000,0.21145000
1775494628241,69814.28000000,1.43259000,69792.64000000,0.00008000,69791.37000000,0.00000000,69786.83000000,0.00000000,69782.87000000,0.00177000,69814.29000000,2.13657000,69814.30000000,0.00056000,69815.50000000,0.08252000,69816.14000000,0.00000000,69817.97000000,0.19090000
1775494628342,69814.28000000,1.50745000,69813.26000000,0.00000000,69807.73000000,0.01431000,69710.21000000,0.02243000,69600.06000000,0.00000000,69814.29000000,1.92973000,69814.30000000,0.00064000,69814.95000000,0.00000000,69815.31000000,0.00000000,69815.34000000,0.00008000
1775494628442,69811.10000000,0.08260000,69809.68000000,0.00804000,69808.84000000,0.22769000,69807.35000000,0.00769000,69792.64000000,0.00008000,69814.29000000,1.92965000,69815.49000000,0.04575000,69815.73000000,0.01464000,69815.87000000,0.00000000,69820.96000000,0.02015000
1775494628541,69814.28000000,1.62799000,69800.64000000,0.02886000,69798.59000000,0.10816000,69797.62000000,0.00000000,69796.91000000,0.00000000,69814.29000000,1.92965000,69814.30000000,0.00064000,69824.49000000,0.22734000,69828.31000000,0.04198000,69859.48000000,0.00715000
1775494628642,69797.09000000,0.00143000,69792.64000000,0.00008000,69791.37000000,0.00000000,69779.12000000,0.00000000,69700.97000000,0.09537000,69814.29000000,1.92997000,69833.77000000,0.00000000,69910.40000000,1.43033000,70143.07000000,0.00000000,,
1775494628742,69814.28000000,1.63291000,69812.34000000,0.01406000,69808.25000000,0.00235000,69805.47000000,0.00716000,69802.01000000,0.00716000,69816.01000000,0.00000000,69816.28000000,0.00021000,69816.70000000,0.00000000,69819.09000000,0.00716000,69820.95000000,0.00716000
1775494628842,69814.28000000,1.43133000,69812.35000000,0.00024000,69808.25000000,0.00000000,69808.01000000,0.00235000,69807.91000000,0.00008000,69814.29000000,1.93005000,69816.04000000,0.00008000,69817.95000000,0.00000000,69817.97000000,0.19090000,69819.08000000,0.00716000
1775494628942,69814.28000000,0.88994000,69812.35000000,0.00000000,69812.34000000,0.00000000,69811.34000000,0.00000000,69811.10000000,0.00008000,69814.29000000,2.35542000,69814.30000000,0.00072000,69814.97000000,0.00016000,69814.98000000,0.05373000,69815.33000000,0.00000000
1775494629043,69814.28000000,0.16377000,69811.41000000,0.24426000,69811.39000000,5.72951000,69811.10000000,0.00000000,69810.28000000,0.08252000,69814.29000000,2.35478000,69814.30000000,0.00008000,69814.90000000,0.00716000,69814.98000000,0.00008000,69815.72000000,0.35819000
1775494629143,69814.28000000,0.18921000,69811.42000000,0.31022000,69811.41000000,0.24434000,69811.39000000,5.72943000,69809.57000000,0.00000000,69814.29000000,2.35478000,69814.90000000,0.00724000,69814.97000000,0.00000000,69814.98000000,0.00000000,69815.49000000,0.15275000
1775494629242,69814.28000000,0.18945000,69811.44000000,0.00016000,69811.43000000,0.32258000,69811.42000000,0.00008000,69811.41000000,0.00032000,69825.59000000,0.00008000,70861.51000000,0.00095000,89189.02000000,0.00007000,,,,
1775494629343,69814.28000000,0.18961000,69811.45000000,0.00016000,69811.44000000,0.25738000,69811.43000000,0.00016000,69811.41000000,0.00024000,70163.37000000,0.00000000,70514.18000000,0.00000000,70866.75000000,0.00000000,71221.09000000,0.00000000,71577.19000000,0.00000000
1775494629442,69814.28000000,1.95792000,69811.46000000,0.00016000,69811.45000000,0.00016000,69811.44000000,0.00000000,69811.43000000,0.00008000,69814.29000000,1.97278000,69814.30000000,0.00048000,69814.89000000,0.00000000,69814.90000000,0.00008000,69815.69000000,0.00792000
1775494629542,69814.28000000,1.69533000,69812.66000000,0.00016000,69812.65000000,0.08252000,69812.40000000,0.00016000,69812.39000000,0.01414000,69814.29000000,1.97218000,69814.90000000,0.00000000,69815.49000000,0.04575000,69815.50000000,0.08268000,69815.69000000,0.00008000
1775494629642,69814.28000000,1.55015000,69812.65000000,0.08260000,69812.39000000,0.01422000,69811.39000000,5.72951000,69810.28000000,0.00000000,69814.29000000,1.97218000,69815.50000000,0.08268000,69815.69000000,0.00000000,69816.94000000,0.05024000,69817.67000000,0.00793000
1775494629742,69814.28000000,1.58945000,69795.78000000,0.11802000,69794.13000000,0.00000000,69790.66000000,0.00000000,69789.39000000,0.00000000,69814.29000000,2.17902000,69814.30000000,0.00032000,69816.00000000,0.00120000,69817.95000000,0.19296000,69817.96000000,0.00008000
1775494629842,69814.28000000,1.58945000,69767.75000000,0.36144000,69465.20000000,0.01000000,69117.88000000,0.01000000,68772.29000000,0.01000000,69814.29000000,2.17819000,69817.95000000,0.19296000,69822.00000000,0.00120000,69824.00000000,0.00120000,69826.00000000,0.00120000
1775494629942,69814.28000000,1.65903000,69814.27000000,0.00016000,69812.56000000,0.00008000,69800.31000000,0.01609000,69790.66000000,0.00000000,69814.29000000,2.17819000,69850.44000000,0.00066000,69993.42000000,0.02578000,69998.68000000,0.02578000,,
1775494630042,69814.28000000,1.65894000,69790.51000000,0.00058000,69786.20000000,0.00008000,69746.50000000,0.04934000,62832.86000000,0.00468000,69814.29000000,2.18045000,69816.32000000,0.01146000,69825.43000000,0.00000000,69857.65000000,0.00485000,69910.46000000,0.00000000
1775494630141,69807.50000000,0.00317000,69805.75000000,0.00300000,69804.00000000,0.00420000,69802.25000000,0.00315000,69800.50000000,0.00300000,69814.29000000,1.97379000,69815.73000000,0.01464000,69816.32000000,0.01154000,69817.95000000,0.19288000,69826.61000000,0.51554000
1775494630242,69790.66000000,0.00000000,69789.39000000,0.00000000,69745.38000000,1.71894000,68000.00000000,38.17520000,62832.86000000,0.00504000,69814.29000000,1.97427000,69814.30000000,0.00064000,69885.00000000,1.71894000,70861.51000000,0.00095000,,
1775494630341,69814.28000000,2.00709000,69814.27000000,0.00008000,69812.75000000,0.00300000,69812.66000000,0.00016000,69812.65000000,0.08268000,69814.29000000,1.31713000,69814.30000000,0.00064000,69815.48000000,0.00000000,69815.49000000,0.00024000,69815.50000000,0.00016000
1775494630442,69814.28000000,1.69601000,69812.65000000,0.08268000,69812.58000000,0.00813000,69812.39000000,0.01422000,69811.48000000,0.00000000,69814.29000000,1.73132000,69814.30000000,0.00064000,69815.49000000,0.00000000,69815.50000000,0.00000000,69815.73000000,0.00000000
1775494630542,69814.28000000,1.62651000,69812.58000000,0.00008000,69812.39000000,0.01414000,69807.30000000,0.00000000,69806.23000000,0.00716000,69814.29000000,1.93751000,69816.93000000,0.01619000,69817.48000000,0.00025000,69817.95000000,0.12097000,69819.08000000,0.00000000
1775494630642,69814.28000000,1.57173000,69812.75000000,0.00000000,69812.65000000,0.00016000,69812.58000000,0.00000000,69812.39000000,0.01422000,69814.29000000,1.98200000,69814.30000000,0.00096000,69817.51000000,0.00016000,69817.52000000,0.01454000,69817.94000000,0.01162000
1775494630742,69814.28000000,0.68819000,69812.66000000,0.00000000,69812.65000000,0.00008000,69809.34000000,0.15752000,69809.33000000,0.11152000,69814.29000000,1.97304000,69814.30000000,0.00088000,69814.46000000,0.00016000,69814.47000000,0.01146000,69814.90000000,0.00000000
1775494630841,69809.33000000,0.11152000,69803.24000000,0.21515000,69800.31000000,0.00000000,69792.83000000,0.10698000,69792.76000000,0.00015000,69814.29000000,1.97320000,69814.30000000,0.00080000,69814.47000000,0.01154000,69815.95000000,0.00016000,69815.96000000,0.14066000
1775494630942,69814.28000000,1.79968000,69812.56000000,0.00000000,69811.48000000,0.00016000,69811.47000000,0.24841000,69801.51000000,0.52086000,69814.29000000,1.76601000,69814.30000000,0.00080000,69814.47000000,0.01154000,69815.15000000,0.00000000,69815.95000000,0.08585000
1775494631042,69814.28000000,1.80455000,69812.39000000,0.01422000,69811.48000000,0.00000000,69811.47000000,0.00144000,69803.24000000,0.35018000,69814.29000000,1.72272000,69814.30000000,0.00064000,69814.47000000,0.01154000,69815.94000000,0.00016000,69815.95000000,0.04171000
1775494631142,69814.28000000,1.80463000,69812.39000000,0.01422000,69811.54000000,0.00016000,69811.53000000,0.08252000,69809.33000000,0.11144000,69814.29000000,1.37848000,69814.30000000,0.00064000,69814.46000000,0.00000000,69814.47000000,0.00008000,69815.95000000,0.01698000
1775494631244,69812.39000000,0.01414000,69811.41000000,0.00073000,69811.13000000,0.00056000,69800.31000000,0.00000000,69796.67000000,0.00716000,69814.29000000,1.87980000,69814.30000000,0.00080000,69814.47000000,0.00000000,69815.95000000,0.04717000,69815.98000000,0.00000000
1775494631341,69814.28000000,1.80533000,69811.00000000,0.01731000,69800.31000000,0.00000000,69793.01000000,0.00000000,69791.74000000,0.00000000,69814.29000000,1.67288000,69814.30000000,0.00088000,69815.95000000,0.04717000,69816.33000000,0.09406000,69817.26000000,0.00008000
1775494631441,69814.28000000,1.80581000,69812.39000000,0.01422000,69811.39000000,5.72943000,69807.23000000,0.00008000,69498.97000000,0.00008000,69814.29000000,1.67280000,69814.30000000,0.00080000,69816.94000000,0.05024000,69817.25000000,0.00000000,69817.26000000,0.00000000
1775494631541,69798.78000000,0.00000000,69793.01000000,0.00000000,69791.74000000,0.00000000,69786.35000000,0.04827000,62832.86000000,0.00486000,69814.29000000,1.87980000,69817.50000000,0.18478000,69819.12000000,0.00724000,69819.25000000,0.00000000,69820.52000000,0.35809000
1775494631642,69814.28000000,0.00000000,69814.27000000,0.75123000,69814.26000000,0.00016000,69811.54000000,0.00000000,69811.53000000,0.00008000,69814.28000000,6.22162000,69814.29000000,0.00229000,69814.30000000,0.00000000,69814.33000000,0.00016000,69814.34000000,0.01146000
1775494631742,69814.27000000,0.75107000,69814.26000000,0.00008000,69812.39000000,0.00008000,69811.53000000,0.00000000,69811.47000000,0.23317000,69814.28000000,5.86722000,69814.29000000,0.00253000,69814.34000000,0.01154000,69815.91000000,0.17573000,69815.92000000,0.35802000
1775494631841,69814.27000000,0.75171000,69812.40000000,0.00000000,69812.39000000,0.00000000,69811.48000000,0.00000000,69811.47000000,0.00160000,69814.28000000,5.86714000,69814.34000000,0.01154000,69815.90000000,0.00016000,69815.91000000,0.17581000,69815.92000000,0.35810000
1775494631942,69814.27000000,0.42468000,69811.47000000,0.00152000,69811.41000000,0.00073000,69811.00000000,0.01439000,69809.83000000,0.00008000,69814.28000000,5.86483000,69814.29000000,0.00187000,69817.08000000,0.00000000,69817.10000000,0.01429000,69817.50000000,0.07778000
1775494632042,69814.27000000,0.55062000,69811.00000000,0.01439000,69809.83000000,0.00000000,69809.61000000,0.00008000,69809.31000000,0.00000000,69814.28000000,5.87255000,69815.90000000,0.00000000,69815.91000000,0.12773000,69816.32000000,0.00000000,69817.09000000,0.05381000
1775494632143,69814.27000000,0.44169000,69811.00000000,0.01439000,69809.61000000,0.00000000,69808.84000000,0.22793000,69808.09000000,0.08252000,69814.28000000,5.86572000,69815.90000000,0.00732000,69815.91000000,0.12789000,69816.32000000,0.00016000,69817.08000000,0.00008000
1775494632242,69814.27000000,0.44395000,69808.84000000,0.22793000,69808.09000000,0.08260000,69807.29000000,0.20708000,69805.30000000,0.00000000,69814.28000000,5.87718000,69814.34000000,0.00008000,69815.90000000,0.00740000,69816.32000000,0.00000000,69817.08000000,0.00000000
1775494632341,69814.27000000,0.44395000,69803.24000000,0.08214000,69793.82000000,0.00011000,69465.19000000,0.00000000,69117.87000000,0.00000000,69814.28000000,5.87909000,69814.29000000,0.00187000,69814.33000000,0.00000000,69814.34000000,0.00000000,69816.32000000,0.00016000
1775494632442,69804.83000000,0.00000000,69803.39000000,0.00235000,69791.49000000,0.00000000,69790.22000000,0.00000000,62832.85000000,0.00342000,69814.28000000,6.24427000,69815.90000000,0.00024000,69815.92000000,0.00008000,69816.32000000,0.00000000,69817.08000000,0.00000000
1775494632541,69800.64000000,0.00048000,62832.85000000,0.00396000,55851.42000000,0.00035000,,,,,69814.28000000,6.15040000,69815.89000000,0.15370000,69815.90000000,0.35819000,69815.91000000,0.00008000,69815.92000000,0.00000000
1775494632642,69814.27000000,0.00000000,69814.26000000,0.00000000,69813.73000000,0.00000000,69813.72000000,0.00000000,69812.68000000,0.00000000,69811.41000000,7.30347000,69811.42000000,0.00048000,69811.43000000,0.00000000,69811.47000000,0.15075000,69811.48000000,0.42252000
1775494632742,69811.40000000,0.64450000,69811.39000000,0.00008000,69811.01000000,0.00000000,69811.00000000,0.00000000,69809.25000000,0.00000000,69811.41000000,7.32157000,69811.42000000,0.00056000,69811.46000000,0.00016000,69811.47000000,0.15099000,69811.48000000,0.19554000
1775494632842,69811.40000000,0.43750000,69805.78000000,0.08276000,69805.69000000,0.00776000,69805.17000000,0.00016000,69805.16000000,0.23355000,69811.41000000,7.32878000,69811.42000000,0.00008000,69811.47000000,0.08774000,69814.26000000,0.00000000,69820.53000000,0.21590000
1775494632943,69811.40000000,0.43743000,69805.16000000,0.23355000,69804.43000000,0.00000000,69804.42000000,0.00016000,69793.02000000,0.00008000,69814.50000000,0.00300000,69842.50000000,0.00000000,70160.47000000,0.01000000,70511.27000000,0.01000000,70863.83000000,0.01000000
1775494633043,69811.40000000,0.43887000,69811.13000000,0.00048000,69788.57000000,0.10049000,69787.40000000,0.00000000,69786.13000000,0.00000000,69811.41000000,7.33070000,69813.91000000,0.00008000,69814.28000000,0.53668000,69814.89000000,0.00794000,69826.28000000,0.09872000
1775494633142,69810.47000000,0.00008000,69809.34000000,0.07287000,69807.43000000,0.00008000,69806.69000000,0.01408000,69805.69000000,0.00008000,69811.41000000,7.33081000,69814.28000000,0.53658000,69814.89000000,0.00802000,69815.34000000,0.00000000,69815.90000000,0.35803000
1775494633241,69811.40000000,0.43879000,69808.84000000,0.21304000,69807.44000000,0.00000000,69807.43000000,0.00000000,69806.70000000,0.00008000,69815.30000000,0.00000000,69817.49000000,0.00000000,69878.75000000,0.00000000,70858.59000000,0.00095000,70861.50000000,0.00000000
1775494633342,69811.40000000,0.00000000,69811.39000000,0.00000000,69811.13000000,0.00000000,69810.47000000,0.00000000,69810.00000000,1.05500000,69810.01000000,6.06427000,69810.02000000,0.00056000,69810.26000000,0.00016000,69810.27000000,0.00016000,69810.28000000,0.09461000
1775494633441,69810.00000000,0.94823000,69805.78000000,0.08276000,69805.71000000,0.01439000,69805.18000000,0.00000000,69805.16000000,0.00016000,69810.01000000,5.85743000,69810.02000000,0.00056000,69810.17000000,0.00016000,69810.18000000,0.08252000,69810.26000000,0.00000000
1775494633542,69809.98000000,0.00078000,69809.12000000,0.00144000,69806.95000000,0.00008000,69805.78000000,0.08268000,69803.85000000,0.00800000,69810.01000000,5.74470000,69810.02000000,0.00056000,69810.18000000,0.08260000,69810.26000000,0.00016000,69810.27000000,0.14339000
1775494633642,69805.60000000,0.00780000,69803.85000000,0.00792000,69803.05000000,0.00000000,69697.68000000,0.04879000,68762.85000000,0.00100000,69810.01000000,5.74482000,69810.18000000,0.08268000,69811.41000000,0.21649000,69811.45000000,0.00000000,69811.46000000,0.00008000
1775494633742,69805.71000000,0.01431000,69800.76000000,0.01712000,69787.87000000,0.00000000,69786.60000000,0.00000000,69738.75000000,0.00000000,69810.01000000,5.74622000,69810.02000000,0.00056000,69810.27000000,0.14347000,69811.41000000,0.21501000,69811.46000000,0.00000000
1775494633842,69810.00000000,0.39994000,69809.99000000,0.00032000,69809.34000000,0.00016000,69809.12000000,0.00000000,69807.53000000,0.00000000,69810.01000000,6.12091000,69810.02000000,0.00008000,69810.17000000,0.00000000,69810.18000000,0.08260000,69810.26000000,0.00000000
1775494633951,69810.00000000,0.39978000,69809.99000000,0.00016000,69809.35000000,0.00035000,69809.34000000,0.00008000,69808.85000000,0.06467000,69810.01000000,6.11566000,69810.28000000,0.09461000,69811.40000000,0.00724000,69811.41000000,0.21501000,69811.44000000,0.05381000
1775494634043,69810.00000000,0.40002000,69809.99000000,0.00024000,69808.86000000,0.00008000,69808.85000000,0.00032000,69808.84000000,0.21312000,69811.40000000,0.00008000,69811.44000000,0.05381000,69811.85000000,0.00724000,69813.49000000,0.00716000,69813.50000000,0.01460000
1775494634141,69810.00000000,0.00000000,69809.99000000,0.00000000,69809.98000000,0.00000000,69809.35000000,0.00000000,69809.34000000,0.00000000,69808.85000000,6.03116000,69808.86000000,0.00008000,69809.34000000,0.00008000,69809.35000000,0.00000000,69809.36000000,0.00000000
1775494634242,69808.84000000,0.32637000,69808.83000000,0.00040000,69807.23000000,0.00065000,69806.95000000,0.00105000,69804.82000000,0.23346000,69808.85000000,5.16512000,69809.25000000,0.00300000,69809.98000000,0.00016000,69809.99000000,0.08603000,69810.00000000,0.00024000
1775494634342,69808.84000000,0.32707000,69808.83000000,0.00032000,69804.84000000,0.00008000,69804.83000000,0.09675000,69804.82000000,0.23362000,69808.85000000,5.16512000,69809.99000000,0.08611000,69810.00000000,0.00016000,69812.07000000,0.00000000,69814.29000000,0.00031000
1775494634442,69808.84000000,0.64137000,69808.83000000,0.00056000,69804.85000000,0.19289000,69804.84000000,0.00016000,69804.83000000,0.00024000,69808.85000000,5.16512000,69809.98000000,0.00000000,69810.00000000,0.00000000,69810.17000000,0.00000000,69810.27000000,0.00000000
1775494634542,69808.84000000,0.39842000,69808.83000000,0.00056000,69804.87000000,0.00016000,69804.86000000,0.08485000,69804.85000000,0.00008000,69808.85000000,4.65425000,69809.98000000,0.00016000,69809.99000000,0.00008000,69810.00000000,0.00016000,69810.17000000,0.08843000
1775494634641,69808.84000000,0.00000000,69808.83000000,0.00000000,69808.82000000,0.00000000,69808.43000000,0.00000000,69808.24000000,0.00000000,69804.87000000,5.43435000,69804.88000000,0.00008000,69805.16000000,0.11940000,69805.17000000,0.00008000,69806.00000000,0.00008000
1775494634742,69804.86000000,0.22064000,69804.85000000,0.00040000,69804.82000000,0.00000000,69803.62000000,0.00000000,69803.43000000,0.00000000,69804.87000000,5.82875000,69804.92000000,0.08825000,69805.16000000,0.00016000,69805.58000000,0.00008000,69805.99000000,0.00024000
1775494634842,69804.86000000,0.00000000,69804.85000000,0.00000000,69804.48000000,0.00000000,69804.45000000,0.00000000,69804.30000000,0.00000000,69802.10000000,7.02453000,69802.11000000,0.00008000,69802.33000000,0.00000000,69802.66000000,0.00008000,69802.67000000,0.00000000
1775494634942,69802.09000000,0.45825000,69802.08000000,0.00040000,69800.02000000,0.00024000,69800.00000000,0.16188000,69799.34000000,0.00000000,69802.10000000,7.04267000,69804.28000000,0.00214000,69804.85000000,0.00008000,69804.87000000,0.40894000,69804.92000000,0.00000000
1775494635044,69802.09000000,0.40985000,69802.08000000,0.00032000,69798.92000000,0.02210000,69798.80000000,0.03439000,69798.79000000,0.00063000,69802.10000000,7.04259000,69804.85000000,0.00000000,69804.86000000,0.00016000,69805.44000000,0.01447000,69806.50000000,0.00797000
1775494635142,69802.09000000,0.51175000,69802.08000000,0.00016000,69792.65000000,0.18817000,69790.10000000,0.42961000,69698.53000000,0.00351000,69802.10000000,7.04239000,69804.85000000,0.00016000,69804.86000000,0.13123000,69804.87000000,0.40894000,69805.44000000,0.00008000
1775494635242,69802.09000000,0.51190000,69799.98000000,0.00008000,69796.28000000,0.00000000,69792.65000000,0.29730000,69779.98000000,0.00000000,69802.10000000,7.04188000,69804.86000000,0.13131000,69804.87000000,0.40894000,69805.44000000,0.00000000,69805.98000000,0.00000000
1775494635343,69802.09000000,0.51190000,69789.54000000,0.64938000,69788.12000000,0.03218000,69774.16000000,0.01609000,69766.00000000,0.11049000,69802.10000000,7.04145000,69804.85000000,0.00000000,69804.86000000,0.13115000,69805.58000000,0.00000000,69809.26000000,0.01457000
1775494635443,69802.09000000,0.68701000,69799.26000000,0.00769000,69788.12000000,0.00000000,69780.84000000,0.08527000,69780.10000000,0.00000000,69804.85000000,0.00016000,69804.86000000,0.13131000,69813.40000000,0.00008000,69815.87000000,0.00000000,69817.07000000,0.10810000
1775494635541,69802.09000000,0.89401000,69800.00000000,0.16188000,69798.38000000,0.01453000,69788.12000000,0.01609000,69782.25000000,0.08775000,69802.10000000,7.04115000,69809.26000000,0.00008000,69809.55000000,0.00008000,69817.07000000,0.00011000,69833.67000000,0.00187000
1775494635642,69802.09000000,0.67678000,69799.26000000,0.00777000,69788.12000000,0.00000000,69777.67000000,0.00000000,69775.43000000,0.00200000,69802.10000000,7.04092000,69808.84000000,0.00732000,69808.85000000,0.24577000,69809.26000000,0.00000000,69809.55000000,0.00000000
1775494635742,69802.09000000,0.50167000,69793.64000000,0.01709000,69788.12000000,0.00000000,69776.77000000,0.00016000,69775.50000000,0.00000000,69802.10000000,7.04232000,69804.85000000,0.00000000,69804.86000000,0.13115000,69804.87000000,0.40754000,69805.54000000,0.00008000
1775494635842,69802.09000000,0.70463000,69802.04000000,0.00000000,69795.12000000,0.00000000,69774.16000000,0.00000000,69654.00000000,0.00000000,69804.85000000,0.00016000,69804.86000000,0.13131000,69810.01000000,0.00016000,69811.86000000,0.00300000,69814.77000000,0.02659000
1775494635941,69802.09000000,1.56688000,69796.28000000,0.00000000,69788.12000000,0.01609000,69783.58000000,0.09743000,69782.25000000,0.00000000,69802.10000000,6.81748000,69804.28000000,0.00000000,69806.94000000,0.00016000,69808.84000000,0.00748000,69808.85000000,0.24577000
1775494636043,69802.09000000,1.67281000,69802.08000000,0.00008000,69800.11000000,0.22411000,69798.16000000,0.22092000,69796.28000000,0.23859000,69802.10000000,2.98208000,69802.11000000,0.00096000,69804.50000000,0.09398000,69804.84000000,0.00033000,69804.87000000,0.04946000
1775494636142,69802.09000000,1.58975000,69801.51000000,0.00548000,69801.32000000,0.00016000,69801.31000000,0.08260000,69801.02000000,1.79557000,69802.10000000,2.96885000,69804.48000000,0.00016000,69804.49000000,0.04334000,69804.50000000,0.00016000,69804.85000000,0.00000000
1775494636242,69802.09000000,1.69713000,69802.08000000,0.00042000,69801.51000000,0.00548000,69801.31000000,0.08260000,69801.03000000,0.00016000,69802.10000000,2.17703000,69804.47000000,0.00016000,69804.48000000,0.00000000,69804.49000000,0.00008000,69804.50000000,0.00008000
1775494636343,69802.09000000,1.93898000,69801.97000000,0.00024000,69801.96000000,0.01432000,69801.32000000,0.00016000,69801.03000000,0.00016000,69802.10000000,2.33272000,69804.47000000,0.00000000,69804.49000000,0.00000000,69804.84000000,0.00000000,69806.92000000,0.00000000
1775494636442,69802.09000000,1.93889000,69801.96000000,0.01440000,69801.32000000,0.00016000,69800.00000000,0.16164000,69799.26000000,0.00000000,69802.10000000,1.91652000,69802.80000000,0.00008000,69804.50000000,0.00000000,69804.86000000,0.00016000,69804.87000000,0.04031000
1775494636541,69785.53000000,0.11523000,69784.15000000,0.00000000,69782.88000000,0.00000000,69712.08000000,0.00017000,69635.56000000,6.31147000,69802.10000000,1.91644000,69813.40000000,0.00008000,69822.93000000,0.10497000,69826.22000000,0.00144000,70151.12000000,0.00000000
1775494636642,69786.30000000,0.13187000,69785.53000000,0.00000000,69784.75000000,0.00315000,69751.00000000,0.00000000,69623.38000000,0.00851000,69807.35000000,0.09398000,69810.16000000,0.00008000,69811.04000000,0.00000000,69811.06000000,0.00000000,69821.72000000,0.09832000
1775494636741,69804.86000000,5.04765000,69804.85000000,0.43652000,69804.00000000,0.00300000,69802.80000000,0.00000000,69802.79000000,0.00000000,69802.10000000,0.00000000,69802.11000000,0.00000000,69802.66000000,0.00000000,69802.67000000,0.00000000,69802.80000000,0.00000000
1775494636842,69810.27000000,4.57355000,69810.26000000,0.00008000,69810.25000000,0.00000000,69810.00000000,0.00000000,69809.73000000,0.00000000,69804.87000000,0.00000000,69804.88000000,0.00000000,69805.16000000,0.00000000,69805.99000000,0.00000000,69806.00000000,0.00000000
1775494636941,69810.27000000,4.57363000,69808.83000000,0.00016000,69808.82000000,0.10042000,69808.81000000,0.33576000,69806.78000000,0.00234000,69810.28000000,1.32157000,69810.29000000,0.00048000,69811.42000000,0.00000000,69811.43000000,0.00000000,69811.44000000,0.00000000
1775494637043,69810.27000000,4.29162000,69809.30000000,0.00144000,69808.81000000,0.22796000,69806.77000000,0.00008000,69806.61000000,0.00016000,69810.28000000,1.88289000,69811.41000000,0.00000000,69816.64000000,0.00819000,69817.43000000,0.09398000,69817.49000000,0.35801000
1775494637142,69810.27000000,4.00929000,69808.82000000,0.06918000,69808.81000000,0.22796000,69806.77000000,0.00000000,69806.60000000,0.04133000,69810.28000000,1.67567000,69810.29000000,0.00032000,69812.36000000,0.00030000,69812.69000000,0.00008000,69812.70000000,0.00008000
1775494637242,69808.81000000,0.22804000,69806.78000000,0.00000000,69806.60000000,0.04133000,69804.94000000,0.00008000,69804.93000000,0.94531000,69810.28000000,1.67533000,69810.29000000,0.00032000,69812.36000000,0.00000000,69812.69000000,0.00000000,69812.70000000,0.00000000
1775494637342,69810.27000000,3.95927000,69810.11000000,0.01431000,69806.95000000,0.00008000,69806.60000000,0.04133000,69804.93000000,0.94539000,69810.28000000,1.67525000,69810.29000000,0.00040000,69813.56000000,0.00000000,69813.57000000,0.00000000,69814.28000000,0.26248000
1775494637442,69810.27000000,3.95935000,69804.93000000,0.94531000,69804.86000000,0.05355000,69800.07000000,0.00854000,69799.65000000,0.30853000,69814.28000000,0.26248000,69814.37000000,0.00016000,69814.38000000,0.09406000,69817.27000000,0.20708000,69817.43000000,0.00016000
1775494637541,69810.27000000,3.95927000,69810.11000000,0.01439000,69804.15000000,0.00008000,69796.30000000,0.01609000,69793.01000000,0.10857000,69810.28000000,1.67171000,69812.00000000,0.00080000,69814.00000000,0.00080000,69825.12000000,0.00000000,69889.47000000,0.00000000
1775494637642,69809.08000000,0.00008000,69799.65000000,0.42876000,69797.88000000,0.51574000,69796.30000000,0.00000000,69790.73000000,0.00000000,69810.28000000,1.67179000,69810.29000000,0.00048000,69812.00000000,0.00200000,69812.72000000,0.00187000,69831.98000000,0.47082000
1775494637741,69810.27000000,2.92199000,69808.81000000,0.11350000,69806.88000000,0.01397000,69805.66000000,0.00805000,69804.86000000,0.05034000,69810.28000000,1.87785000,69812.00000000,0.00240000,69813.04000000,0.00000000,69813.08000000,0.01418000,69813.54000000,0.00000000
1775494637842,69810.12000000,0.00016000,69808.82000000,0.03921000,69808.81000000,0.11350000,69806.88000000,0.01405000,69806.60000000,0.04125000,69810.28000000,1.67273000,69810.29000000,0.00072000,69812.51000000,0.00008000,69813.07000000,0.00024000,69813.08000000,0.00008000
1775494637941,69810.27000000,2.91913000,69806.89000000,0.00008000,69796.30000000,0.00000000,69790.72000000,0.00000000,69789.74000000,0.09171000,69810.28000000,1.67241000,69810.29000000,0.00056000,69813.07000000,0.00000000,69813.08000000,0.00000000,69813.50000000,0.01398000
1775494638042,69782.34000000,0.00000000,69773.80000000,2.05998000,69716.00000000,0.70011000,69695.30000000,0.00000000,69656.50000000,0.00000000,69810.28000000,1.67281000,69810.29000000,0.00072000,69813.49000000,0.00016000,69813.50000000,0.01406000,69814.03000000,0.00008000
1775494638142,69810.27000000,2.91201000,69806.60000000,0.04133000,69790.72000000,0.00000000,69790.45000000,0.10310000,69789.74000000,0.00000000,69810.28000000,1.67265000,69816.03000000,0.00813000,69825.40000000,0.04000000,69825.99000000,0.00000000,69837.85000000,0.00000000
1775494638241,69807.41000000,0.00792000,69796.30000000,0.04827000,69756.53000000,0.00189000,69702.37000000,0.00000000,68763.11000000,0.00100000,69810.28000000,1.67273000,69813.49000000,0.00008000,69813.50000000,0.00008000,69814.04000000,0.00008000,69815.97000000,0.00778000
1775494638344,69810.27000000,2.79432000,69808.81000000,0.11350000,69807.41000000,0.00800000,69804.92000000,1.75798000,69804.86000000,0.04048000,69810.28000000,1.67233000,69810.29000000,0.00056000,69813.49000000,0.00000000,69813.50000000,0.00000000,69814.03000000,0.00000000
1775494638442,69810.27000000,2.87018000,69806.89000000,0.00000000,69806.61000000,0.00000000,69804.94000000,0.20204000,69796.97000000,0.00000000,69810.28000000,0.71129000,69815.97000000,0.00008000,69817.49000000,0.00000000,69818.38000000,0.35802000,69827.19000000,0.00000000
1775494638541,69810.27000000,2.86564000,69809.59000000,0.00794000,69809.25000000,0.00300000,69808.83000000,0.00016000,69808.82000000,0.03921000,69810.28000000,0.93827000,69814.28000000,0.26256000,69814.37000000,0.00000000,69814.38000000,0.00008000,69814.62000000,0.05000000
1775494638641,69810.27000000,3.09391000,69810.12000000,0.00000000,69810.11000000,0.01439000,69809.59000000,0.00008000,69808.83000000,0.00000000,69810.28000000,0.19384000,69810.29000000,0.00048000,69814.28000000,0.26248000,69814.38000000,0.00000000,69814.61000000,0.00000000
1775494638741,69810.11000000,0.01439000,69809.89000000,0.00796000,69809.59000000,0.00000000,69808.81000000,0.11358000,69808.11000000,0.00781000,69810.28000000,0.13507000,69810.29000000,0.00048000,69814.20000000,0.00032000,69814.21000000,0.25299000,69814.28000000,0.26240000
1775494638841,69810.27000000,3.09334000,69810.11000000,0.01439000,69809.89000000,0.00804000,69808.81000000,0.11358000,69804.94000000,0.00000000,69810.28000000,0.24902000,69810.29000000,0.00040000,69810.46000000,0.00008000,69814.20000000,0.26107000,69814.21000000,0.14241000
1775494638941,69810.27000000,3.09132000,69810.12000000,0.00016000,69809.89000000,0.00008000,69808.83000000,0.00016000,69808.82000000,0.03921000,69810.28000000,0.30475000,69814.18000000,0.00024000,69814.19000000,0.29105000,69814.20000000,0.26099000,69814.21000000,0.00016000
1775494639042,69810.11000000,0.01439000,69809.89000000,0.00000000,69806.89000000,0.00000000,69805.11000000,0.00144000,69799.65000000,0.60171000,69810.28000000,0.30307000,69810.29000000,0.00040000,69814.19000000,0.21321000,69814.20000000,0.00024000,69814.21000000,0.00008000
1775494639141,69795.78000000,0.02400000,69794.89000000,0.02400000,69786.12000000,0.00000000,69761.66000000,0.00000000,69691.58000000,0.00000000,69810.28000000,0.24374000,69814.19000000,0.21321000,69814.20000000,0.00016000,69814.28000000,0.26248000,69817.24000000,0.00016000
1775494639241,69810.11000000,0.00008000,69797.04000000,0.09687000,69794.06000000,0.00000000,69792.84000000,0.00000000,69785.80000000,0.00000000,69810.28000000,0.29915000,69814.28000000,0.26248000,69817.24000000,0.23501000,69817.25000000,0.23606000,69817.26000000,0.00016000
1775494639343,69814.18000000,5.52788000,69814.17000000,0.00008000,69813.77000000,0.00000000,69813.12000000,5.72929000,69812.71000000,0.00000000,69810.28000000,0.00000000,69810.29000000,0.00000000,69810.46000000,0.00000000,69812.00000000,0.00000000,69812.49000000,0.00000000
1775494639441,69814.18000000,4.85416000,69813.59000000,0.00000000,69813.55000000,0.01441000,69813.14000000,0.00016000,69813.13000000,1.83785000,69814.19000000,0.95022000,69814.20000000,0.00080000,69814.26000000,0.00024000,69814.27000000,0.08053000,69814.28000000,0.26240000
1775494639541,69814.18000000,4.85512000,69814.12000000,0.00144000,69813.56000000,0.00000000,69813.55000000,0.00008000,69813.31000000,0.00000000,69814.19000000,0.94837000,69814.20000000,0.00072000,69814.27000000,0.08061000,69817.47000000,0.11263000,69817.60000000,0.01412000
1775494639642,69814.18000000,1.02403000,69814.12000000,0.00000000,69813.55000000,0.00000000,69813.14000000,0.00024000,69813.13000000,1.83801000,69814.19000000,2.46803000,69814.20000000,0.00056000,69814.24000000,0.02000000,69814.26000000,0.00016000,69814.27000000,0.08053000
1775494639742,69814.18000000,0.65236000,69813.12000000,5.72937000,69812.91000000,0.00000000,69812.67000000,0.00000000,69812.66000000,0.00000000,69814.19000000,3.07655000,69814.20000000,0.00048000,69814.23000000,0.00000000,69814.24000000,0.00008000,69814.28000000,0.26240000
1775494639841,69814.18000000,0.65244000,69812.56000000,0.00008000,69811.63000000,0.08252000,69810.27000000,0.00082000,69809.08000000,0.00000000,69814.19000000,3.07663000,69814.20000000,0.00056000,69814.24000000,0.00000000,69814.27000000,0.18533000,69814.28000000,0.26248000
1775494639941,69814.18000000,0.65260000,69813.12000000,5.72937000,69811.63000000,0.08260000,69803.57000000,0.00008000,69803.28000000,0.22448000,69814.19000000,3.12671000,69814.20000000,0.00064000,69814.28000000,0.26248000,69815.11000000,0.35811000,69817.66000000,0.01456000
1775494640043,69814.18000000,0.44560000,69804.86000000,0.00054000,69800.21000000,0.00000000,69786.25000000,0.04827000,68414.06000000,0.02912000,69814.19000000,3.49157000,69814.20000000,0.00016000,69814.27000000,0.08053000,69815.10000000,0.00000000,69815.11000000,0.00008000
1775494640141,69814.18000000,0.65260000,69800.23000000,0.00201000,69792.76000000,0.00015000,69791.53000000,0.00000000,69777.17000000,0.02400000,69814.19000000,3.13499000,69814.27000000,0.18538000,69814.28000000,0.26248000,69815.11000000,0.00000000,69815.32000000,0.00000000
1775494640241,69814.18000000,0.65218000,69814.17000000,0.00024000,69811.00000000,0.00000000,69794.55000000,0.09528000,69793.79000000,0.00000000,69814.19000000,3.13515000,69814.20000000,0.00032000,69815.12000000,0.00008000,69815.34000000,0.00581000,69817.25000000,0.35811000
1775494640341,69814.18000000,0.66635000,69810.38000000,0.01409000,69792.66000000,0.21479000,69791.43000000,0.00000000,69781.25000000,0.00300000,69814.19000000,2.92815000,69814.28000000,0.26248000,69815.12000000,0.00000000,69817.25000000,0.35811000,69817.26000000,0.00000000
1775494640441,69811.63000000,0.08260000,69810.38000000,0.01417000,69805.16000000,0.00792000,69747.15000000,0.03800000,69746.81000000,0.03800000,69814.19000000,3.13655000,69815.34000000,0.00589000,69820.52000000,0.00008000,69883.36000000,1.71897000,76795.61000000,0.00008000
1775494640541,69800.23000000,0.00057000,69792.65000000,0.45401000,69791.42000000,0.00000000,69747.20000000,0.66560000,68068.83000000,0.01098000,69821.18000000,0.00000000,69829.15000000,0.09819000,69829.94000000,0.00000000,69830.33000000,0.00000000,69882.44000000,1.01181000
1775494640642,69814.18000000,1.72542000,69813.14000000,0.25692000,69812.75000000,0.00300000,69811.00000000,0.00300000,69803.97000000,0.51554000,69814.19000000,2.29843000,69815.33000000,0.00008000,69815.34000000,0.00016000,69816.70000000,0.00000000,69817.45000000,0.00716000
1775494640742,69814.18000000,1.80826000,69814.17000000,0.00032000,69813.15000000,0.00024000,69813.14000000,0.00032000,69811.63000000,0.00016000,69814.19000000,2.12355000,69814.20000000,0.00080000,69814.27000000,0.08053000,69814.28000000,0.26248000,69815.33000000,0.00000000
1775494640842,69814.18000000,1.80818000,69814.17000000,0.00024000,69813.15000000,0.00008000,69813.12000000,5.72937000,69811.63000000,0.00008000,69814.19000000,2.12315000,69814.20000000,0.00048000,69814.28000000,0.26240000,69817.25000000,0.00000000,69817.47000000,0.20280000
1775494640941,69800.21000000,0.01609000,69795.44000000,0.06942000,69786.25000000,0.00000000,69747.20000000,0.64549000,69730.51000000,0.02014000,69815.34000000,0.00000000,69816.04000000,0.00008000,69817.66000000,0.00008000,69825.49000000,0.00008000,69842.21000000,0.99915000
1775494641042,69814.18000000,1.81221000,69814.17000000,0.00008000,69813.15000000,0.00024000,69813.14000000,0.28881000,69812.03000000,0.00030000,69814.19000000,0.94936000,69814.20000000,0.00072000,69816.28000000,0.00000000,69817.45000000,0.00008000,69817.64000000,0.00581000
1775494641141,69814.18000000,1.81165000,69813.15000000,0.00016000,69813.14000000,0.28881000,69813.13000000,1.83793000,69808.12000000,0.00000000,69814.19000000,0.53269000,69814.20000000,0.00072000,69814.26000000,0.00024000,69814.27000000,0.08061000,69814.28000000,0.26240000
1775494641243,69814.18000000,1.81312000,69795.62000000,0.00000000,69794.40000000,0.00000000,69465.10000000,0.01000000,69117.78000000,0.01000000,69814.19000000,0.94807000,69814.20000000,0.00048000,69817.47000000,0.09483000,69817.61000000,0.00000000,69817.62000000,0.00000000
1775494641342,69814.18000000,2.44877000,69813.14000000,0.00032000,69811.81000000,0.04170000,69809.86000000,0.00790000,69808.00000000,0.00040000,69814.19000000,0.22256000,69814.20000000,0.00072000,69814.26000000,0.00008000,69814.27000000,0.00032000,69816.07000000,0.00024000
1775494641441,69814.18000000,2.11731000,69813.15000000,0.00000000,69813.14000000,0.00024000,69813.12000000,5.72937000,69812.03000000,0.00000000,69814.19000000,0.73458000,69814.20000000,0.00080000,69814.26000000,0.00024000,69814.27000000,0.09548000,69814.28000000,0.26248000
1775494641542,69814.18000000,2.11585000,69813.14000000,0.20993000,69810.00000000,0.00040000,69799.15000000,0.21479000,69756.94000000,0.00000000,69814.19000000,0.21847000,69814.20000000,0.00088000,69814.27000000,0.09556000,69816.08000000,0.05016000,69819.01000000,0.00016000
1775494641642,69814.18000000,2.11736000,69813.15000000,0.00000000,69813.14000000,0.00024000,69808.00000000,0.00080000,69806.88000000,0.01397000,69814.19000000,0.74149000,69814.20000000,0.00080000,69816.08000000,0.05032000,69819.01000000,0.00000000,69819.16000000,0.01146000
1775494641742,69814.18000000,2.04250000,69804.52000000,0.00000000,69800.82000000,0.00000000,69800.62000000,0.02000000,69799.14000000,0.00008000,69814.19000000,1.40696000,69814.20000000,0.00072000,69816.08000000,0.05040000,69817.16000000,0.01415000,69817.83000000,0.08260000
1775494641841,69814.18000000,1.81408000,69809.86000000,0.00008000,69801.70000000,0.00000000,69799.85000000,0.00000000,69799.59000000,0.03167000,69814.19000000,1.89020000,69814.20000000,0.00096000,69816.08000000,0.05024000,69817.16000000,0.00008000,69817.82000000,0.00016000
1775494641942,69814.18000000,1.73822000,69812.75000000,0.00000000,69810.38000000,0.01417000,69809.86000000,0.00000000,69806.88000000,0.01405000,69814.19000000,2.31314000,69814.20000000,0.00104000,69816.08000000,0.05016000,69817.16000000,0.00000000,69817.20000000,0.01402000
1775494642042,69814.18000000,1.73024000,69801.61000000,0.00000000,69796.88000000,0.08729000,69796.03000000,0.00000000,69794.36000000,0.06942000,69814.19000000,2.31314000,69814.20000000,0.00104000,69816.08000000,0.05016000,69816.84000000,0.01146000,69817.20000000,0.01410000
1775494642142,69810.35000000,0.00025000,69801.26000000,0.51572000,69797.82000000,0.08548000,69796.88000000,0.00000000,69796.63000000,0.00000000,69816.08000000,0.05016000,69816.84000000,0.01154000,69817.20000000,0.00008000,69819.15000000,0.35801000,69836.73000000,0.00000000
1775494642242,69809.94000000,0.00788000,69804.86000000,0.00038000,69800.21000000,0.01609000,69786.25000000,0.03218000,68766.96000000,0.00100000,69814.19000000,2.31306000,69814.20000000,0.00096000,69816.84000000,0.01154000,69817.20000000,0.00000000,69818.06000000,0.00008000
1775494642342,69814.18000000,1.72904000,69810.38000000,0.01417000,69809.94000000,0.00796000,69800.21000000,0.00000000,69794.37000000,0.00000000,69814.19000000,2.31298000,69816.84000000,0.00008000,69817.61000000,0.01146000,69817.83000000,0.08292000,69818.06000000,0.00000000
1775494642442,69814.18000000,1.64762000,69814.16000000,0.08252000,69800.21000000,0.00000000,69786.25000000,0.03218000,69739.51000000,0.00000000,69814.19000000,2.31298000,69814.20000000,0.00096000,69816.08000000,0.05016000,69816.84000000,0.00000000,69817.61000000,0.01154000
1775494642542,69814.18000000,1.71684000,69814.17000000,0.00024000,69806.88000000,0.01397000,69797.82000000,0.00000000,69794.37000000,0.00000000,69814.19000000,1.96360000,69826.60000000,0.00000000,69832.31000000,0.10925000,69833.04000000,0.00000000,88016.57000000,0.00197000
1775494642642,69814.18000000,1.76250000,69811.69000000,0.00767000,69800.21000000,0.03218000,69786.25000000,0.00000000,69752.72000000,0.04942000,69814.19000000,1.40768000,69814.20000000,0.00104000,69817.20000000,0.01464000,69819.15000000,0.00008000,69820.46000000,0.35801000
1775494642743,69814.18000000,1.76099000,69814.16000000,0.08260000,69811.81000000,0.04178000,69808.11000000,0.00781000,69800.21000000,0.00000000,69814.19000000,1.08045000,69814.20000000,0.00096000,69816.08000000,0.05016000,69817.20000000,0.01472000,69817.83000000,0.08284000
1775494642842,69814.18000000,1.74289000,69814.17000000,0.00024000,69813.13000000,1.72666000,69800.21000000,0.00000000,69794.85000000,0.09057000,69814.19000000,1.88137000,69814.20000000,0.00072000,69820.41000000,0.00189000,69820.45000000,0.00000000,69824.42000000,0.00000000
1775494642942,69810.39000000,0.01618000,69797.02000000,0.11002000,69794.91000000,0.00000000,69794.85000000,0.00049000,69793.69000000,0.00000000,69814.19000000,1.67533000,69823.38000000,0.00000000,69823.42000000,0.00000000,69839.38000000,1.20885000,69888.42000000,0.82217000
1775494643042,69814.18000000,1.76951000,69813.90000000,0.00016000,69813.89000000,0.01439000,69811.69000000,0.00775000,69792.26000000,0.00035000,69814.19000000,1.08020000,69814.20000000,0.00072000,69817.20000000,0.00008000,69823.51000000,0.00047000,69823.60000000,0.00047000
1775494643142,69814.18000000,2.52453000,69814.17000000,0.00008000,69814.16000000,0.08260000,69813.90000000,0.00000000,69813.89000000,0.01447000,69814.19000000,0.10362000,69814.27000000,0.00032000,69816.08000000,0.00016000,69817.20000000,0.00000000,69817.61000000,0.00008000
1775494643241,69814.27000000,3.94630000,69814.26000000,0.04329000,69814.25000000,0.00000000,69814.20000000,2.84693000,69814.19000000,6.21868000,69814.19000000,0.00000000,69814.20000000,0.00000000,69814.21000000,0.00000000,69814.26000000,0.00000000,69814.27000000,0.00000000
1775494643342,69814.27000000,3.54716000,69814.26000000,0.04337000,69814.21000000,0.00016000,69814.20000000,2.07618000,69814.19000000,6.21876000,69814.28000000,0.52553000,69814.29000000,0.00024000,69817.27000000,0.00000000,69817.46000000,0.00000000,69817.47000000,0.00000000
1775494643442,69814.27000000,3.54786000,69813.89000000,0.01439000,69811.82000000,0.00008000,69809.13000000,0.00855000,69807.28000000,0.00000000,69814.28000000,0.52424000,69814.29000000,0.00032000,69816.64000000,0.00000000,69817.01000000,0.00000000,69819.33000000,0.09565000
1775494643541,69814.27000000,3.53929000,69814.21000000,1.76717000,69814.20000000,0.00024000,69812.21000000,0.00144000,69811.15000000,0.00715000,69814.28000000,0.52222000,69815.71000000,0.00000000,69819.31000000,0.39295000,69819.32000000,0.00024000,69819.33000000,0.00024000
1775494643642,69821.82000000,4.95626000,69821.81000000,0.00008000,69821.23000000,0.00000000,69820.64000000,0.00000000,69820.49000000,0.00000000,69814.28000000,0.00000000,69814.29000000,0.00000000,69815.16000000,0.00000000,69815.98000000,0.00000000,69815.99000000,0.00000000
1775494643743,69821.82000000,4.99840000,69820.00000000,0.37720000,69819.99000000,0.08276000,69819.37000000,0.00000000,69819.36000000,0.00008000,69821.83000000,0.85368000,69821.84000000,0.00064000,69822.03000000,0.00008000,69822.21000000,0.02496000,69822.22000000,0.01628000
1775494643842,69821.82000000,5.00871000,69820.01000000,0.20823000,69820.00000000,0.00024000,69819.99000000,0.08268000,69819.49000000,0.00008000,69821.83000000,0.85945000,69821.84000000,0.00064000,69822.20000000,0.00024000,69822.21000000,0.01593000,69822.22000000,0.01628000
1775494643943,69821.82000000,3.98835000,69820.02000000,0.00016000,69820.01000000,0.20831000,69820.00000000,0.00016000,69819.47000000,0.00030000,69821.83000000,0.33550000,69822.21000000,0.00032000,69825.96000000,0.00000000,69826.75000000,0.00000000,69826.76000000,0.00000000
1775494644043,69821.82000000,3.98827000,69821.50000000,0.00300000,69820.31000000,0.00144000,69820.00000000,0.00016000,69819.47000000,0.00000000,69821.83000000,0.74977000,69821.84000000,0.00064000,69822.20000000,0.00024000,69822.21000000,0.01575000,69826.07000000,0.00030000
1775494644142,69821.82000000,0.67246000,69821.50000000,0.00000000,69820.02000000,0.00008000,69820.01000000,0.00008000,69820.00000000,0.00024000,69821.83000000,5.18937000,69821.84000000,0.00024000,69822.02000000,0.00000000,69822.20000000,0.00016000,69822.21000000,0.03838000
1775494644243,69821.82000000,0.87792000,69820.02000000,0.00000000,69820.01000000,0.00000000,69820.00000000,0.00008000,69819.99000000,0.00008000,69821.83000000,4.83463000,69822.20000000,0.00000000,69822.21000000,0.00024000,69822.22000000,0.01628000,69824.00000000,0.00120000
1775494644343,69821.82000000,0.62832000,69820.23000000,0.00008000,69819.75000000,0.00016000,69819.74000000,0.01431000,69819.34000000,0.00024000,69821.83000000,4.62935000,69822.21000000,0.00016000,69822.22000000,0.01628000,69824.13000000,0.00016000,69824.14000000,0.11239000
1775494644442,69821.82000000,0.62832000,69819.74000000,0.01439000,69819.49000000,0.00000000,69819.35000000,0.18265000,69819.34000000,0.00008000,69835.16000000,0.01100000,69838.39000000,0.08382000,69839.09000000,0.00000000,69842.46000000,0.02000000,69850.03000000,0.00000000
1775494644541,69821.82000000,0.62824000,69819.75000000,0.00024000,69819.74000000,0.01439000,69819.36000000,0.00032000,69819.35000000,0.16246000,69821.83000000,4.62927000,69821.84000000,0.00016000,69833.74000000,0.04298000,69833.87000000,0.00000000,69838.39000000,0.00000000
1775494644641,69821.82000000,1.97617000,69820.00000000,0.00000000,69819.75000000,0.23417000,69819.54000000,0.00030000,69819.36000000,0.25030000,69821.83000000,0.47120000,69821.84000000,0.00064000,69822.21000000,0.00024000,69823.61000000,0.00000000,69824.13000000,0.00024000
1775494644741,69821.82000000,1.92083000,69821.67000000,0.00794000,69821.50000000,0.00300000,69821.12000000,0.00016000,69821.11000000,0.08252000,69821.83000000,0.59064000,69821.84000000,0.00048000,69822.22000000,0.01768000,69824.13000000,0.00008000,69824.14000000,0.00008000
1775494644841,69821.82000000,1.92083000,69821.67000000,0.00802000,69821.11000000,0.08268000,69819.77000000,0.23207000,69819.76000000,0.23433000,69821.83000000,0.61839000,69821.84000000,0.00064000,69822.22000000,0.01768000,69824.13000000,0.00000000,69824.14000000,0.00000000
1775494644941,69821.11000000,0.08276000,69820.93000000,0.00008000,69819.78000000,0.23094000,69819.77000000,0.23199000,69819.76000000,0.00008000,69821.83000000,0.61623000,69821.84000000,0.00064000,69826.04000000,0.01016000,69826.07000000,0.00016000,69826.08000000,0.02514000
1775494645042,69821.11000000,0.08276000,69819.79000000,0.21507000,69819.78000000,0.23086000,69819.77000000,0.00008000,69819.76000000,0.00000000,69821.83000000,0.61302000,69827.96000000,0.22294000,69827.98000000,0.00008000,69828.93000000,0.01448000,69833.79000000,0.00000000
1775494645141,69821.11000000,0.08276000,69819.79000000,0.21515000,69819.78000000,0.23086000,69819.77000000,0.00000000,69812.00000000,0.35402000,69821.83000000,0.61127000,69832.02000000,0.17800000,69832.72000000,0.17823000,69834.39000000,0.00008000,69834.40000000,0.04298000
1775494645241,69821.82000000,1.94453000,69819.79000000,0.21499000,69819.36000000,0.00008000,69819.31000000,0.00000000,69819.06000000,0.00000000,69821.83000000,0.30294000,69831.23000000,0.00000000,69831.69000000,0.26269000,69833.13000000,0.03459000,69835.59000000,0.00000000
1775494645342,69826.03000000,4.17038000,69826.02000000,0.00008000,69825.99000000,0.00000000,69825.83000000,0.00000000,69825.64000000,0.00000000,69821.83000000,0.00000000,69821.84000000,0.00000000,69821.85000000,0.00000000,69821.88000000,0.00000000,69822.00000000,0.00000000
1775494645442,69826.03000000,4.19902000,69824.41000000,0.00008000,69824.32000000,1.63268000,69824.31000000,6.12919000,69824.17000000,0.00801000,69826.04000000,0.00859000,69826.05000000,0.00024000,69826.08000000,0.00008000,69826.09000000,0.00000000,69827.95000000,0.00000000
1775494645542,69829.06000000,4.16897000,69829.05000000,0.86980000,69828.81000000,0.00000000,69828.63000000,0.04191000,69828.50000000,0.00300000,69826.04000000,0.00000000,69826.05000000,0.00000000,69826.07000000,0.00000000,69826.08000000,0.00000000,69826.50000000,0.00000000
1775494645641,69829.06000000,4.18086000,69829.05000000,0.01558000,69828.64000000,0.00016000,69828.63000000,0.04199000,69826.04000000,0.00008000,69829.07000000,0.56932000,69829.08000000,0.00064000,69831.56000000,0.15814000,69833.67000000,0.00016000,69833.68000000,0.26525000
1775494645741,69829.06000000,4.18309000,69826.04000000,0.00008000,69822.80000000,0.00009000,69815.09000000,0.04827000,69812.00000000,0.35482000,69829.07000000,0.15195000,69829.08000000,0.00056000,69831.54000000,0.00016000,69831.55000000,0.02417000,69831.56000000,0.00024000
1775494645841,69829.06000000,3.33791000,69829.05000000,0.03343000,69824.33000000,0.42969000,69812.10000000,0.00000000,69810.87000000,0.00000000,69829.07000000,0.20713000,69829.08000000,0.00048000,69831.54000000,0.00024000,69831.55000000,0.02425000,69831.56000000,0.00016000
1775494645941,69829.06000000,3.33780000,69827.90000000,0.00008000,69826.04000000,0.00008000,69824.41000000,0.00000000,69822.07000000,0.00300000,69829.07000000,0.10583000,69829.08000000,0.00056000,69829.94000000,0.00000000,69831.55000000,0.10780000,69833.67000000,0.00016000
1775494646043,69829.06000000,3.33924000,69828.64000000,0.00000000,69826.57000000,0.00030000,69826.47000000,0.00008000,69825.05000000,0.00144000,69829.07000000,0.21647000,69829.08000000,0.00048000,69831.55000000,0.02425000,69833.67000000,0.00000000,69835.14000000,0.15479000
1775494646141,69826.03000000,0.06649000,69824.33000000,0.00000000,69784.89000000,0.00622000,69775.11000000,0.00008000,62846.16000000,0.00234000,69829.07000000,0.10163000,69835.14000000,0.15487000,69835.78000000,0.00008000,69835.79000000,0.19931000,69836.01000000,0.01468000
1775494646241,69829.06000000,3.05622000,69829.05000000,0.00016000,69828.64000000,0.03574000,69826.57000000,0.00000000,69826.03000000,0.06657000,69829.07000000,0.14694000,69835.14000000,0.27301000,69835.77000000,0.00008000,69835.78000000,0.23657000,69835.79000000,0.00008000
1775494646342,69829.06000000,3.05622000,69829.05000000,0.00008000,69828.64000000,0.03582000,69828.59000000,0.00777000,69826.03000000,0.06665000,69829.07000000,0.14628000,69829.08000000,0.00056000,69832.96000000,0.08268000,69833.68000000,0.28202000,69835.12000000,0.15607000
1775494646442,69829.06000000,2.35832000,69828.66000000,0.00016000,69828.65000000,0.05298000,69828.64000000,0.00024000,69828.63000000,0.04199000,69829.07000000,0.57527000,69829.08000000,0.00048000,69830.67000000,0.00008000,69831.55000000,0.02425000,69832.96000000,0.08268000
1775494646541,69829.06000000,2.31846000,69828.67000000,0.05627000,69828.66000000,0.00000000,69828.65000000,0.00008000,69828.64000000,0.00016000,69829.07000000,0.57535000,69829.08000000,0.00056000,69831.55000000,0.09981000,69832.96000000,0.08276000,69833.67000000,0.00016000
1775494646641,69829.06000000,2.01410000,69828.69000000,0.05652000,69828.68000000,0.00000000,69828.67000000,0.00000000,69828.65000000,0.00000000,69829.07000000,0.79263000,69829.08000000,0.00064000,69831.17000000,0.07112000,69831.18000000,0.00008000,69831.55000000,0.17393000
1775494646742,69829.06000000,2.24260000,69828.71000000,0.00016000,69828.70000000,0.03957000,69828.69000000,0.00008000,69826.03000000,0.06476000,69829.07000000,0.79279000,69829.08000000,0.00056000,69831.15000000,0.00016000,69831.16000000,0.00000000,69831.17000000,0.00008000
1775494646842,69829.06000000,2.24252000,69828.70000000,0.03965000,69828.69000000,0.00000000,69826.76000000,0.21004000,69826.04000000,0.00008000,69829.07000000,0.37701000,69829.08000000,0.00048000,69831.15000000,0.00000000,69831.17000000,0.00000000,69831.54000000,0.03401000
1775494646944,69831.53000000,3.41206000,69831.52000000,0.00008000,69831.17000000,1.86460000,69831.01000000,0.00000000,69831.00000000,0.00000000,69829.07000000,0.00000000,69829.08000000,0.00000000,69829.38000000,0.00000000,69830.00000000,0.00000000,69830.26000000,0.00000000
1775494647043,69832.95000000,3.28551000,69832.94000000,0.00008000,69832.72000000,0.00008000,69832.71000000,0.20700000,69831.99000000,0.00000000,69831.54000000,0.00000000,69831.55000000,0.00000000,69831.56000000,0.00000000,69831.76000000,0.00000000,69832.00000000,0.00000000
1775494647142,69832.95000000,3.30751000,69832.71000000,0.20708000,69832.00000000,0.00300000,69831.56000000,0.31347000,69831.55000000,0.00008000,69832.96000000,0.17648000,69832.97000000,0.00064000,69833.72000000,0.02272000,69836.21000000,0.00008000,69837.35000000,0.00000000
1775494647242,69833.71000000,3.33432000,69833.70000000,0.00008000,69832.97000000,0.00000000,69832.96000000,0.90334000,69832.95000000,0.34322000,69832.96000000,0.00000000,69832.97000000,0.00000000,69833.71000000,0.00000000,69833.72000000,0.02415000,69833.73000000,0.00064000
1775494647343,69838.51000000,2.40884000,69838.50000000,0.00024000,69838.49000000,0.00008000,69838.48000000,0.00337000,69838.47000000,0.00000000,69833.72000000,0.00000000,69833.73000000,0.00000000,69833.85000000,0.00000000,69833.98000000,0.00000000,69833.99000000,0.00000000
1775494647441,69838.51000000,2.35306000,69838.50000000,0.00008000,69838.49000000,0.00000000,69838.48000000,0.00329000,69838.06000000,0.00016000,69838.52000000,1.52580000,69838.53000000,0.00064000,69839.62000000,0.00008000,69839.63000000,0.00016000,69839.64000000,0.00008000
1775494647542,69838.51000000,2.35451000,69838.05000000,0.03824000,69838.04000000,0.00000000,69837.65000000,0.00008000,69835.97000000,0.04199000,69838.52000000,1.87533000,69838.53000000,0.00064000,69839.63000000,0.00008000,69839.64000000,0.00000000,69839.79000000,0.00016000
1775494647642,69838.51000000,2.35443000,69835.37000000,0.00778000,69833.75000000,0.19944000,69832.95000000,0.11410000,69831.54000000,0.24886000,69838.52000000,1.52571000,69838.53000000,0.00048000,69839.62000000,0.00000000,69839.63000000,0.00000000,69839.79000000,0.00008000
1775494647742,69835.40000000,0.08268000,69835.37000000,0.00786000,69833.75000000,0.13853000,69832.95000000,0.11394000,69831.54000000,0.00000000,69838.52000000,1.74575000,69838.53000000,0.00056000,69839.79000000,0.00000000,69839.80000000,0.00000000,69839.94000000,0.00016000
1775494647842,69838.51000000,2.30467000,69825.47000000,0.64367000,69824.51000000,0.01609000,69819.34000000,0.00000000,69818.11000000,0.00000000,69838.52000000,2.09520000,69838.53000000,0.00048000,69839.94000000,0.00024000,69842.13000000,0.00000000,69842.59000000,0.00773000
1775494647943,69838.51000000,1.64444000,69831.52000000,0.21000000,69826.77000000,0.46370000,69824.51000000,0.04827000,69814.83000000,0.20700000,69838.52000000,2.14025000,69838.53000000,0.00040000,69842.11000000,0.02008000,69842.59000000,0.00781000,69845.99000000,0.35797000
1775494648043,69838.51000000,1.73513000,69838.48000000,0.00008000,69833.71000000,0.00046000,69832.02000000,0.00000000,69824.53000000,0.20700000,69838.52000000,1.92453000,69852.93000000,0.00000000,69859.96000000,0.99333000,69860.08000000,0.11880000,69862.06000000,0.00000000
1775494648142,69838.51000000,1.52377000,69833.75000000,0.13853000,69833.71000000,0.00038000,69832.95000000,0.11402000,69820.79000000,0.02400000,69838.52000000,2.13153000,69840.43000000,0.00008000,69845.77000000,0.00000000,69851.16000000,0.00000000,69851.86000000,0.00000000
1775494648241,69838.51000000,0.99093000,69838.06000000,0.00024000,69835.98000000,0.00024000,69835.41000000,0.00024000,69835.40000000,0.00016000,69838.52000000,2.13089000,69838.53000000,0.00024000,69839.94000000,0.00016000,69839.95000000,0.02549000,69841.01000000,0.19879000
1775494648344,69838.51000000,0.99024000,69838.05000000,0.01612000,69835.97000000,0.04199000,69835.41000000,0.00008000,69835.40000000,0.00008000,69838.52000000,2.13097000,69839.95000000,0.14539000,69839.96000000,0.08276000,69841.00000000,0.00000000,69841.01000000,0.00024000
1775494648442,69838.51000000,0.79209000,69835.37000000,0.00008000,69834.09000000,0.00000000,69833.97000000,0.23384000,69833.75000000,0.15220000,69839.96000000,0.08276000,69841.01000000,0.00016000,69841.97000000,0.35806000,69842.59000000,0.00781000,69843.48000000,0.01441000
1775494648542,69838.51000000,0.68782000,69838.06000000,0.00008000,69838.05000000,0.00008000,69836.06000000,0.20760000,69835.97000000,0.04199000,69838.52000000,1.78143000,69838.53000000,0.00008000,69839.95000000,0.20143000,69839.96000000,0.08284000,69839.98000000,0.01402000
1775494648643,69838.51000000,1.19890000,69838.06000000,0.00000000,69838.05000000,0.00000000,69836.08000000,0.27500000,69836.07000000,0.07576000,69839.96000000,0.08284000,69839.98000000,0.01410000,69841.91000000,0.00000000,69843.01000000,0.00015000,69843.48000000,0.01433000
1775494648742,69838.51000000,1.12436000,69837.65000000,0.00000000,69836.10000000,0.00016000,69836.09000000,0.18045000,69836.08000000,0.27492000,69841.97000000,0.35822000,69841.98000000,0.12640000,69843.85000000,0.00008000,69843.86000000,0.17908000,69846.06000000,0.00000000
1775494648842,69838.51000000,1.04866000,69836.11000000,0.20914000,69836.10000000,0.22948000,69836.09000000,0.00024000,69836.08000000,0.27508000,69841.98000000,0.07302000,69843.85000000,0.00000000,69843.86000000,0.00008000,69877.45000000,0.00467000,69938.82000000,0.20958000
1775494648942,69838.51000000,1.52990000,69836.13000000,0.22559000,69836.12000000,0.27041000,69836.11000000,0.00024000,69836.10000000,0.00008000,69838.52000000,1.92381000,69842.11000000,0.00008000,69847.14000000,0.02000000,69856.75000000,0.00000000,69865.97000000,0.51524000
1775494649043,69838.51000000,1.52977000,69836.15000000,0.06223000,69836.14000000,0.00000000,69836.13000000,0.00008000,69836.12000000,0.00008000,69839.95000000,0.05628000,69841.93000000,0.00016000,69841.96000000,0.00000000,69841.97000000,0.00040000,69841.98000000,0.16711000
1775494649142,69838.51000000,1.52666000,69836.17000000,0.01988000,69836.16000000,0.00000000,69836.15000000,0.00008000,69836.13000000,0.00000000,69838.52000000,2.13081000,69839.95000000,0.04211000,69839.96000000,0.08276000,69839.97000000,0.00016000,69839.98000000,0.01410000
1775494649242,69838.51000000,1.52682000,69836.19000000,0.01970000,69836.18000000,0.00000000,69836.17000000,0.00008000,69836.15000000,0.00000000,69838.52000000,2.13081000,69841.98000000,0.11375000,69844.56000000,0.00008000,69844.94000000,0.00000000,69845.77000000,0.00008000
1775494649342,69838.51000000,1.51294000,69836.21000000,0.01966000,69836.20000000,0.00000000,69836.19000000,0.00000000,69836.17000000,0.00000000,69838.52000000,2.13081000,69839.95000000,0.02986000,69842.80000000,0.00008000,69842.81000000,0.04000000,69843.48000000,0.01441000
1775494649442,69838.51000000,1.62156000,69836.23000000,0.27756000,69836.22000000,0.00000000,69836.21000000,0.00008000,69835.97000000,0.04199000,69838.52000000,1.92370000,69841.97000000,0.00024000,69842.59000000,0.00781000,69842.81000000,0.04008000,69844.60000000,0.01009000
1775494649542,69838.51000000,1.89389000,69836.25000000,0.25578000,69836.24000000,0.09668000,69836.23000000,0.25795000,69836.21000000,0.00000000,69838.52000000,1.48151000,69839.98000000,0.00008000,69848.21000000,0.00192000,69850.18000000,0.00008000,69850.20000000,0.00000000
1775494649642,69838.51000000,2.01216000,69838.48000000,0.00329000,69837.96000000,0.08252000,69837.25000000,0.00300000,69836.27000000,0.25336000,69838.52000000,0.20301000,69838.53000000,0.00032000,69839.94000000,0.00024000,69839.95000000,0.02994000,69839.96000000,0.00024000
1775494649742,69838.51000000,2.01741000,69837.96000000,0.00024000,69836.29000000,0.25111000,69836.28000000,0.16553000,69836.27000000,0.25344000,69838.52000000,0.20239000,69838.53000000,0.00016000,69839.94000000,0.00008000,69839.95000000,0.00016000,69839.96000000,0.00008000
1775494649842,69838.51000000,2.10089000,69837.96000000,0.00016000,69836.96000000,0.00008000,69836.31000000,0.24886000,69836.30000000,0.16650000,69838.52000000,0.19236000,69838.53000000,0.00008000,69839.95000000,0.00008000,69841.98000000,0.03978000,69842.80000000,0.00008000
1775494649941,69838.51000000,2.09943000,69837.96000000,0.00000000,69836.33000000,0.24661000,69836.32000000,0.09025000,69836.31000000,0.24894000,69838.52000000,0.19000000,69841.97000000,0.02115000,69841.98000000,0.03012000,69842.80000000,0.00000000,69842.81000000,0.00000000
1775494650042,69838.51000000,2.09927000,69836.35000000,0.24435000,69836.34000000,0.16386000,69836.33000000,0.24661000,69836.32000000,0.00000000,69838.52000000,0.15029000,69841.96000000,0.00008000,69841.97000000,0.00040000,69841.98000000,0.03004000,69843.01000000,0.00000000
1775494650141,69841.97000000,3.14629000,69841.96000000,0.20522000,69841.95000000,0.31506000,69841.92000000,0.00000000,69841.00000000,0.00000000,69838.52000000,0.00000000,69838.53000000,0.00000000,69839.19000000,0.00000000,69839.40000000,0.00000000,69839.78000000,0.00000000
1775494650242,69841.97000000,3.16611000,69838.51000000,0.09917000,69834.68000000,0.01425000,69822.10000000,0.00000000,69820.87000000,0.00000000,69841.98000000,1.24786000,69844.14000000,0.08276000,69845.70000000,0.07805000,69845.71000000,0.00000000,69845.72000000,0.00000000
1775494650343,69841.97000000,2.70465000,69841.96000000,0.00032000,69838.53000000,0.00000000,69838.52000000,0.00016000,69837.26000000,0.00000000,69841.98000000,1.85284000,69843.22000000,0.00008000,69843.99000000,0.10477000,69844.00000000,0.00120000,69844.13000000,0.00024000
1775494650442,69841.95000000,0.11051000,69838.51000000,0.09821000,69836.37000000,0.00000000,69835.98000000,0.00000000,69835.97000000,0.04191000,69841.98000000,1.85316000,69843.97000000,0.04672000,69843.98000000,0.00008000,69843.99000000,0.00008000,69844.12000000,0.00008000
1775494650541,69837.26000000,0.00008000,69836.37000000,0.00016000,69835.98000000,0.00016000,69835.51000000,0.00000000,69834.74000000,0.00715000,69841.98000000,1.85324000,69843.96000000,0.00016000,69843.97000000,0.02862000,69847.99000000,0.00000000,69849.17000000,0.00715000
1775494650642,69841.97000000,2.08855000,69837.26000000,0.00000000,69834.87000000,0.00008000,69834.73000000,0.00240000,69831.86000000,0.00000000,69846.04000000,0.00777000,69847.96000000,0.00775000,69849.20000000,0.00000000,69849.76000000,0.22377000,69851.49000000,1.71258000
1775494650742,69841.97000000,1.42662000,69841.95000000,0.00000000,69834.72000000,0.13737000,69832.95000000,0.00033000,69832.01000000,0.00000000,69849.86000000,0.70282000,69857.09000000,0.00000000,69868.30000000,0.51522000,69878.43000000,0.00000000,,
1775494650842,69841.97000000,0.31805000,69841.96000000,0.00032000,69838.53000000,0.00024000,69838.52000000,0.00024000,69838.51000000,0.01248000,69841.98000000,2.29134000,69843.95000000,0.11666000,69843.96000000,0.22161000,69843.97000000,0.00000000,69843.98000000,0.00000000
1775494650941,69841.97000000,0.00000000,69841.96000000,0.00000000,69841.84000000,0.00000000,69839.40000000,0.00000000,69838.53000000,0.16154000,69838.54000000,5.93192000,69839.39000000,0.00000000,69839.40000000,0.00008000,69839.41000000,0.44111000,69841.97000000,2.45052000
1775494651042,69838.53000000,0.17424000,69838.52000000,0.00032000,69838.51000000,0.00580000,69837.27000000,0.00000000,69836.22000000,0.00008000,69838.54000000,5.94055000,69838.55000000,0.00008000,69839.40000000,0.34237000,69839.41000000,0.44135000,69840.03000000,0.00000000
1775494651141,69838.53000000,0.27238000,69838.52000000,0.00040000,69836.53000000,0.07529000,69836.52000000,0.20881000,69835.97000000,0.04199000,69838.54000000,6.26669000,69838.55000000,0.00008000,69838.98000000,0.00016000,69838.99000000,0.05373000,69839.39000000,0.00016000
1775494651242,69838.53000000,0.27294000,69838.52000000,0.00040000,69838.51000000,0.00580000,69836.55000000,0.29609000,69836.54000000,0.00024000,69838.54000000,6.26677000,69838.99000000,0.05381000,69841.97000000,0.00731000,69841.98000000,0.13299000,69842.49000000,0.00715000
1775494651342,69838.53000000,0.27286000,69838.52000000,0.00024000,69838.51000000,0.00580000,69836.57000000,0.16826000,69836.56000000,0.22058000,69839.41000000,0.22467000,69841.97000000,0.00739000,69841.98000000,0.12970000,69842.49000000,0.00723000,69842.78000000,0.00000000
1775494651441,69838.53000000,1.04077000,69838.51000000,0.00580000,69836.59000000,0.05164000,69836.58000000,0.00008000,69836.57000000,0.00008000,69838.54000000,5.23929000,69838.55000000,0.00008000,69838.98000000,0.00000000,69838.99000000,0.00008000,69840.74000000,0.00715000
1775494651542,69838.53000000,2.20072000,69838.51000000,0.00580000,69837.34000000,5.72730000,69836.61000000,0.11900000,69836.60000000,0.00000000,69838.54000000,2.43408000,69838.55000000,0.00040000,69838.99000000,0.00000000,69839.40000000,0.19789000,69839.41000000,0.00016000
1775494651642,69838.53000000,2.46521000,69838.51000000,0.00580000,69837.36000000,0.00016000,69837.35000000,1.78288000,69837.34000000,5.72738000,69838.54000000,1.71851000,69838.55000000,0.00024000,69839.40000000,0.05422000,69839.41000000,0.00008000,69840.74000000,0.00000000
1775494651742,69838.53000000,2.46513000,69838.51000000,0.00602000,69837.35000000,1.78296000,69837.34000000,5.72738000,69836.61000000,0.00000000,69838.54000000,1.50044000,69838.55000000,0.00016000,69839.40000000,0.03402000,69841.59000000,0.00000000,69841.60000000,0.00008000
1775494651842,69838.53000000,2.46449000,69838.52000000,0.00016000,69837.25000000,0.00300000,69836.53000000,0.00000000,69835.98000000,0.00000000,69838.54000000,0.95583000,69839.39000000,0.00024000,69839.40000000,0.03402000,69841.60000000,0.00000000,69841.97000000,0.00024000
1775494651941,69838.53000000,2.16473000,69836.54000000,0.00000000,69836.38000000,0.00008000,69834.89000000,0.00772000,69832.96000000,0.00715000,69838.54000000,0.77229000,69841.98000000,0.10994000,69843.66000000,0.00016000,69843.67000000,0.02978000,69844.57000000,0.00008000
1775494652042,69838.53000000,2.00521000,69838.52000000,0.00024000,69838.36000000,0.00016000,69838.35000000,0.08252000,69837.34000000,5.72738000,69838.54000000,0.97921000,69841.79000000,0.00000000,69841.98000000,0.10986000,69843.67000000,0.02986000,69843.68000000,0.08276000
1775494652141,69838.53000000,1.85441000,69838.51000000,0.00602000,69838.35000000,0.08260000,69837.36000000,0.21724000,69835.97000000,0.04199000,69838.54000000,0.77162000,69840.99000000,0.08252000,69841.98000000,0.10994000,69842.33000000,0.00016000,69842.34000000,0.00000000
1775494652242,69838.53000000,2.15823000,69838.35000000,0.08268000,69837.36000000,0.00024000,69835.29000000,0.00802000,69830.66000000,0.00715000,69838.54000000,0.98836000,69838.55000000,0.00024000,69839.40000000,0.05338000,69840.98000000,0.00024000,69840.99000000,0.08260000
1775494652341,69838.53000000,1.58374000,69838.35000000,0.08268000,69837.36000000,0.00016000,69835.97000000,0.04199000,69835.38000000,0.01431000,69838.54000000,1.10763000,69841.98000000,0.11002000,69842.34000000,0.01444000,69843.56000000,0.27092000,69843.59000000,0.00016000
1775494652442,69838.53000000,1.07288000,69838.52000000,0.00040000,69838.36000000,0.00024000,69838.35000000,0.00016000,69837.36000000,0.00008000,69838.54000000,3.41523000,69839.39000000,0.00016000,69840.98000000,0.35808000,69840.99000000,0.00008000,69841.34000000,0.00030000
1775494652542,69838.53000000,0.89769000,69838.52000000,0.00024000,69838.51000000,0.00602000,69838.36000000,0.00008000,69838.35000000,0.00008000,69838.54000000,3.41498000,69838.55000000,0.00016000,69839.40000000,0.13335000,69839.73000000,0.00008000,69840.75000000,0.00300000
1775494652641,69838.53000000,1.26158000,69838.52000000,0.00032000,69838.51000000,0.00602000,69837.36000000,0.00024000,69837.35000000,1.25538000,69838.54000000,3.41498000,69842.34000000,0.01452000,69842.68000000,0.03545000,69842.69000000,0.05381000,69843.55000000,0.00008000
1775494652742,69838.51000000,0.00580000,69820.16000000,0.11753000,69819.19000000,0.00000000,69816.74000000,0.00000000,69807.50000000,0.00300000,69838.54000000,3.41470000,69842.68000000,0.08538000,69842.69000000,0.05389000,69845.29000000,0.00000000,69851.20000000,0.00000000
1775494652841,69838.53000000,1.66639000,69824.81000000,0.00000000,69817.23000000,0.00000000,69816.00000000,0.00120000,62854.68000000,0.00504000,69838.54000000,2.89850000,69841.98000000,0.10994000,69842.27000000,0.00008000,69842.68000000,0.02136000,69842.69000000,0.00008000
1775494652942,69838.53000000,1.63163000,69834.00000000,0.08332000,69831.52000000,0.20716000,69822.54000000,0.10458000,69820.16000000,0.00000000,69838.54000000,3.10550000,69841.98000000,0.10986000,69842.27000000,0.00000000,69842.67000000,0.00000000,69842.68000000,0.02136000
1775494653042,69838.53000000,1.27593000,69834.34000000,0.01416000,69834.00000000,0.08340000,69831.52000000,0.20708000,69830.98000000,0.04684000,69847.09000000,1.71258000,69847.10000000,0.00467000,69849.84000000,0.17196000,69849.85000000,0.00000000,69857.16000000,0.77449000
1775494653142,69822.54000000,0.00000000,69817.20000000,0.00000000,69815.97000000,0.00000000,69814.07000000,0.39764000,69792.77000000,0.75814000,69838.54000000,3.53513000,69845.50000000,0.00000000,69857.76000000,0.00144000,,,,
1775494653240,69838.53000000,1.48293000,66500.00000000,29.23439000,62854.68000000,0.00504000,62854.00000000,0.00010000,55870.83000000,0.00000000,69838.54000000,3.53496000,69845.50000000,0.00008000,69849.77000000,0.05373000,69849.82000000,0.00000000,89516.98000000,0.00000000
1775494653342,69834.00000000,0.09771000,69816.05000000,0.00000000,69814.82000000,0.00000000,62854.68000000,0.00486000,,,69838.54000000,3.96459000,69849.77000000,0.05373000,69865.71000000,0.56513000,69875.11000000,0.51517000,70886.12000000,0.00095000
1775494653441,69838.53000000,1.05304000,69820.23000000,0.09909000,69714.47000000,0.79928000,69489.33000000,0.01000000,69141.89000000,0.01000000,69845.50000000,0.00008000,69849.77000000,0.09670000,70187.74000000,0.01000000,70538.68000000,0.01000000,70891.37000000,0.01000000
1775494653542,69836.00000000,0.00040000,69817.49000000,0.00000000,69816.26000000,0.00000000,62854.68000000,0.00504000,62854.00000000,0.00010000,69849.77000000,0.05373000,69849.84000000,0.17196000,69866.82000000,0.51524000,69871.10000000,0.00000000,90340.88000000,0.00000000
1775494653642,69663.17000000,0.00000000,69660.40000000,0.00850000,62854.68000000,0.00504000,55870.83000000,0.00000000,,,69849.78000000,0.04297000,,,,,,,,
1775494653741,69800.40000000,0.00000000,69793.40000000,0.00000000,69792.56000000,0.00000000,62854.68000000,0.00486000,,,69845.50000000,0.00000000,,,,,,,,
1775494653842,69838.53000000,1.05290000,69837.74000000,0.00144000,69821.40000000,0.09114000,69820.23000000,0.00000000,69818.53000000,0.00000000,69838.54000000,4.39422000,69845.50000000,0.00000000,69850.63000000,0.18199000,69901.21000000,0.00358000,69908.38000000,0.00255000
1775494653943,69838.53000000,1.74864000,69837.51000000,0.08252000,69837.36000000,0.22514000,69834.00000000,0.01519000,69832.96000000,0.00232000,69838.54000000,3.19405000,69838.55000000,0.00024000,69839.39000000,0.00000000,69839.40000000,0.00024000,69840.96000000,0.00016000
1775494654042,69838.53000000,1.92399000,69838.51000000,0.00580000,69837.51000000,0.08260000,69832.60000000,0.08593000,69832.59000000,0.00801000,69838.54000000,3.01659000,69838.55000000,0.00024000,69839.40000000,0.00008000,69840.97000000,0.05768000,69840.98000000,0.00000000
1775494654142,69838.53000000,1.62357000,69838.52000000,0.00048000,69837.65000000,0.00008000,69837.52000000,0.00016000,69837.37000000,0.00000000,69838.54000000,3.26600000,69839.73000000,0.00000000,69840.75000000,0.00000000,69847.10000000,1.71725000,69847.68000000,0.00000000
1775494654241,69838.53000000,1.22833000,69838.52000000,0.00040000,69837.51000000,0.08260000,69832.96000000,0.00000000,69831.57000000,0.00232000,69838.54000000,3.26534000,69838.55000000,0.00016000,69845.51000000,0.57247000,,,,
1775494654342,69838.53000000,1.22833000,69838.52000000,0.00032000,69837.52000000,0.00000000,69837.51000000,0.00008000,69833.90000000,0.08252000,69838.54000000,3.57476000,69840.97000000,0.03321000,69841.04000000,0.00000000,69841.05000000,0.00008000,69841.28000000,0.00030000
1775494654442,69838.53000000,1.07128000,69838.51000000,0.00580000,69837.51000000,0.00000000,69834.00000000,0.01519000,69833.90000000,0.08260000,69840.97000000,0.03313000,69841.05000000,0.00000000,69842.31000000,0.00016000,69842.32000000,0.01436000,69843.73000000,0.00794000
1775494654542,69838.53000000,1.69341000,69837.36000000,0.00024000,69832.60000000,0.08601000,69831.57000000,0.00000000,69830.12000000,0.00233000,69838.54000000,3.28516000,69841.28000000,0.00000000,69841.98000000,0.10994000,69842.32000000,0.01444000,69842.68000000,0.12109000
1775494654641,69838.53000000,1.05298000,69837.37000000,0.00016000,69837.36000000,0.20846000,69837.35000000,1.74829000,69836.31000000,0.08252000,69838.54000000,3.41405000,69840.07000000,0.05773000,69840.08000000,0.08252000,69840.97000000,0.00008000,69841.98000000,0.10994000
1775494654742,69838.53000000,1.22809000,69838.52000000,0.00040000,69838.51000000,0.00580000,69837.36000000,0.20854000,69837.34000000,5.72738000,69838.54000000,3.41397000,69838.55000000,0.00008000,69840.06000000,0.00016000,69840.07000000,0.05781000,69840.08000000,0.08260000
1775494654842,69838.53000000,0.77350000,69838.52000000,0.00056000,69837.36000000,0.00040000,69834.34000000,0.01416000,69824.56000000,0.00300000,69838.54000000,3.41405000,69841.26000000,0.00030000,69841.98000000,0.10994000,69843.12000000,0.05373000,69849.86000000,0.00000000
1775494654942,69838.53000000,0.94853000,69838.52000000,0.00048000,69838.51000000,0.00580000,69837.37000000,0.00000000,69837.36000000,0.00032000,69838.54000000,3.39981000,69841.97000000,0.00821000,69842.31000000,0.35806000,69842.32000000,0.01444000,69842.50000000,0.00300000
1775494655042,69838.53000000,0.77334000,69838.52000000,0.00040000,69835.50000000,0.00000000,69806.88000000,0.90915000,69804.00000000,0.00420000,69840.08000000,0.08260000,69841.97000000,0.00829000,69843.12000000,0.05373000,69851.22000000,0.00000000,69855.87000000,0.00000000
1775494655141,69818.69000000,0.10787000,69817.17000000,0.00000000,69815.94000000,0.00000000,68790.95000000,0.00100000,62854.68000000,0.00504000,89532.48000000,0.00000000,,,,,,,,
1775494655241,69838.53000000,0.13022000,69838.52000000,0.00048000,69837.74000000,0.00000000,69837.35000000,0.00032000,69837.34000000,0.00008000,69838.54000000,4.57280000,69840.06000000,0.00000000,69840.07000000,0.05765000,69840.43000000,0.00008000,69840.75000000,0.00300000
1775494655342,69838.53000000,0.12872000,69838.52000000,0.00016000,69838.51000000,0.00688000,69837.36000000,0.00008000,69837.35000000,0.00000000,69838.54000000,4.35978000,69839.00000000,0.00300000,69839.68000000,0.04000000,69840.06000000,0.00016000,69840.07000000,0.05781000
