timestamp,price,quantity,side
1775494619803,69833.68000000,0.00300000,buy
1775494619863,69833.67000000,0.01279000,sell
1775494620530,69833.68000000,0.00035000,buy
1775494620614,69833.68000000,0.00027000,buy
1775494620760,69833.67000000,0.00029000,sell
1775494620781,69833.67000000,0.00614000,sell
1775494620788,69833.67000000,0.00029000,sell
1775494620796,69833.67000000,0.00029000,sell
1775494620815,69833.67000000,0.00030000,sell
1775494620831,69833.67000000,0.00030000,sell
1775494620852,69833.67000000,0.15545000,sell
1775494620852,69833.67000000,0.00015000,sell
1775494620852,69833.67000000,0.00008000,sell
1775494620852,69833.67000000,0.00015000,sell
1775494620852,69833.67000000,0.00015000,sell
1775494620852,69833.67000000,0.00008000,sell
1775494620852,69833.67000000,0.00008000,sell
1775494620852,69833.67000000,0.00008000,sell
1775494620852,69833.67000000,0.00008000,sell
1775494620852,69833.67000000,0.00008000,sell
1775494620852,69833.67000000,0.00008000,sell
1775494620852,69833.67000000,0.00008000,sell
1775494620852,69833.67000000,0.00346000,sell
1775494620852,69833.67000000,0.00008000,sell
1775494620852,69833.67000000,0.00008000,sell
1775494620852,69833.67000000,0.00008000,sell
1775494620852,69833.67000000,0.00008000,sell
1775494620852,69833.67000000,0.00008000,sell
1775494620852,69833.67000000,0.00008000,sell
1775494620852,69833.67000000,0.00008000,sell
1775494620852,69833.66000000,0.00008000,sell
1775494620852,69833.66000000,0.00008000,sell
1775494620852,69833.66000000,0.00008000,sell
1775494620852,69833.66000000,0.00008000,sell
1775494620852,69833.66000000,0.00008000,sell
1775494620852,69833.66000000,0.00008000,sell
1775494620852,69833.62000000,0.00008000,sell
1775494620852,69833.61000000,0.00008000,sell
1775494620852,69833.61000000,0.00008000,sell
1775494620852,69832.72000000,0.00008000,sell
1775494620852,69831.52000000,0.00008000,sell
1775494620852,69831.51000000,0.00008000,sell
1775494620852,69831.50000000,0.00008000,sell
1775494620852,69831.49000000,0.00008000,sell
1775494620852,69831.48000000,0.00008000,sell
1775494620852,69831.48000000,0.00008000,sell
1775494620852,69831.48000000,0.00008000,sell
1775494620852,69831.48000000,0.00008000,sell
1775494620852,69831.48000000,0.00008000,sell
1775494620852,69831.48000000,0.00008000,sell
1775494620852,69831.48000000,0.00008000,sell
1775494620852,69830.65000000,0.00008000,sell
1775494620852,69830.65000000,0.00008000,sell
1775494620852,69830.65000000,0.00008000,sell
1775494620852,69830.65000000,0.00008000,sell
1775494620852,69830.65000000,0.00008000,sell
1775494620852,69830.65000000,0.00008000,sell
1775494620852,69830.65000000,0.00008000,sell
1775494620852,69830.65000000,0.00008000,sell
1775494620852,69830.65000000,0.00008000,sell
1775494620852,69830.65000000,0.00008000,sell
1775494620852,69830.65000000,0.00008000,sell
1775494620852,69830.65000000,0.00008000,sell
1775494620852,69830.65000000,0.00008000,sell
1775494620852,69830.50000000,0.00008000,sell
1775494620853,69830.31000000,0.00008000,sell
1775494620853,69830.31000000,0.00008000,sell
1775494620853,69830.31000000,0.00008000,sell
1775494620853,69830.31000000,0.00005000,sell
1775494620856,69830.31000000,0.00003000,sell
1775494620856,69830.31000000,0.00008000,sell
1775494620856,69830.31000000,0.00008000,sell
1775494620856,69830.31000000,0.00008000,sell
1775494620856,69830.31000000,0.00003000,sell
1775494620865,69830.31000000,0.00005000,sell
1775494620865,69830.31000000,0.00008000,sell
1775494620865,69830.31000000,0.00015000,sell
1775494620865,69830.31000000,0.00008000,sell
1775494620865,69830.31000000,0.00008000,sell
1775494620865,69830.31000000,0.00008000,sell
1775494620865,69830.31000000,0.00008000,sell
1775494620865,69830.31000000,0.00008000,sell
1775494620865,69830.31000000,0.00008000,sell
1775494620865,69830.31000000,0.00007000,sell
1775494620876,69830.31000000,0.00001000,sell
1775494620876,69830.31000000,0.00008000,sell
1775494620876,69830.31000000,0.00008000,sell
1775494620876,69830.31000000,0.00012000,sell
1775494620877,69830.31000000,0.00003000,sell
1775494620877,69830.31000000,0.00008000,sell
1775494620877,69830.31000000,0.00008000,sell
1775494620877,69830.31000000,0.00008000,sell
1775494620877,69830.31000000,0.00008000,sell
1775494620877,69830.30000000,0.00008000,sell
1775494620877,69830.30000000,0.00008000,sell
1775494620877,69830.30000000,0.00008000,sell
1775494620877,69830.30000000,0.00004000,sell
1775494620885,69830.30000000,0.00004000,sell
1775494620885,69830.30000000,0.00008000,sell
1775494620885,69830.30000000,0.00008000,sell
1775494620885,69830.30000000,0.00008000,sell
1775494620885,69830.30000000,0.00006000,sell
1775494620891,69830.30000000,0.00002000,sell
1775494620891,69830.30000000,0.00008000,sell
1775494620891,69830.30000000,0.00008000,sell
1775494620891,69830.30000000,0.00008000,sell
1775494620891,69830.30000000,0.00008000,sell
1775494620891,69830.30000000,0.00008000,sell
1775494620891,69830.30000000,0.00015000,sell
1775494620891,69830.30000000,0.00008000,sell
1775494620891,69830.30000000,0.00008000,sell
1775494620891,69830.30000000,0.00008000,sell
1775494620891,69830.30000000,0.00008000,sell
1775494620891,69830.29000000,0.00008000,sell
1775494620891,69830.29000000,0.00001000,sell
1775494620893,69830.29000000,0.00007000,sell
1775494620893,69830.29000000,0.00008000,sell
1775494620894,69830.29000000,0.00008000,sell
1775494620894,69830.29000000,0.00007000,sell
1775494620897,69830.29000000,0.00001000,sell
1775494620897,69830.29000000,0.00008000,sell
1775494620897,69830.29000000,0.00008000,sell
1775494620897,69830.29000000,0.00008000,sell
1775494620897,69830.29000000,0.00008000,sell
1775494620897,69830.29000000,0.00015000,sell
1775494620897,69830.29000000,0.00008000,sell
1775494620897,69830.28000000,0.00008000,sell
1775494620897,69830.28000000,0.00008000,sell
1775494620897,69830.28000000,0.00008000,sell
1775494620897,69829.38000000,0.00008000,sell
1775494620897,69828.00000000,0.00014000,sell
1775494620898,69829.37000000,0.00008000,sell
1775494620913,69828.00000000,0.00026000,sell
1775494620913,69828.00000000,0.00003000,sell
1775494620922,69828.00000000,0.00029000,sell
1775494620941,69828.00000000,0.00008000,sell
1775494620941,69828.00000000,0.00008000,sell
1775494620941,69828.00000000,0.00008000,sell
1775494620941,69828.00000000,0.00006000,sell
1775494620943,69828.01000000,0.00018000,buy
1775494620955,69828.00000000,0.00002000,sell
1775494620955,69828.00000000,0.00008000,sell
1775494620955,69828.00000000,0.00008000,sell
1775494620955,69828.00000000,0.00008000,sell
1775494620955,69828.00000000,0.00008000,sell
1775494620955,69828.00000000,0.00008000,sell
1775494620955,69828.00000000,0.00015000,sell
1775494620955,69828.00000000,0.00008000,sell
1775494620955,69828.00000000,0.00008000,sell
1775494620955,69828.00000000,0.00008000,sell
1775494620955,69828.00000000,0.00008000,sell
1775494620955,69828.00000000,0.00021000,sell
1775494620955,69828.00000000,0.00008000,sell
1775494620955,69828.00000000,0.00008000,sell
1775494620955,69828.00000000,0.00008000,sell
1775494620955,69828.00000000,0.00008000,sell
1775494620955,69828.00000000,0.00008000,sell
1775494620955,69827.99000000,0.00008000,sell
1775494620955,69827.99000000,0.00008000,sell
1775494620955,69827.99000000,0.00008000,sell
1775494620955,69827.99000000,0.00008000,sell
1775494620955,69827.99000000,0.00008000,sell
1775494620955,69827.90000000,0.00008000,sell
1775494620955,69827.36000000,0.00008000,sell
1775494620955,69827.35000000,0.00015000,sell
1775494620955,69827.35000000,0.00016000,sell
1775494620955,69827.35000000,0.00008000,sell
1775494620955,69827.35000000,0.00008000,sell
1775494620955,69827.35000000,0.00008000,sell
1775494620955,69827.35000000,0.00008000,sell
1775494620955,69827.35000000,0.00008000,sell
1775494620955,69827.35000000,0.00008000,sell
1775494620955,69827.35000000,0.00008000,sell
1775494620955,69826.04000000,0.00008000,sell
1775494620955,69826.00000000,0.00040000,sell
1775494620955,69826.00000000,0.00040000,sell
1775494620955,69825.89000000,0.00008000,sell
1775494620955,69825.88000000,0.00008000,sell
1775494620955,69825.88000000,0.00008000,sell
1775494620955,69825.87000000,0.00142000,sell
1775494620955,69825.84000000,0.00008000,sell
1775494620955,69825.66000000,0.00008000,sell
1775494620955,69825.38000000,0.00024000,sell
1775494620955,69825.28000000,0.00008000,sell
1775494620955,69825.28000000,0.00008000,sell
1775494620955,69824.59000000,0.00008000,sell
1775494620955,69824.59000000,0.00008000,sell
1775494620955,69824.59000000,0.00008000,sell
1775494620955,69824.59000000,0.00008000,sell
1775494620980,69824.59000000,0.00018000,buy
1775494621079,69824.58000000,0.00136000,sell
1775494621173,69824.59000000,0.05397000,buy
1775494621382,69824.59000000,0.00028000,buy
1775494621407,69824.59000000,0.01407000,buy
1775494621412,69824.59000000,0.00059000,buy
1775494621430,69824.59000000,0.00059000,buy
1775494621447,69824.59000000,0.04572000,buy
1775494621447,69824.59000000,0.03748000,buy
1775494621447,69824.59000000,0.02508000,buy
1775494621447,69824.59000000,0.00008000,buy
1775494621447,69824.59000000,0.00008000,buy
1775494621447,69824.59000000,0.00008000,buy
1775494621447,69824.59000000,0.00047000,buy
1775494621447,69824.59000000,0.00008000,buy
1775494621447,69824.59000000,0.00015000,buy
1775494621447,69824.59000000,0.00286000,buy
1775494621447,69824.59000000,0.00008000,buy
1775494621447,69824.59000000,0.00008000,buy
1775494621447,69824.59000000,0.00008000,buy
1775494621447,69824.59000000,0.00008000,buy
1775494621447,69824.59000000,0.00008000,buy
1775494621447,69824.59000000,0.00008000,buy
1775494621447,69824.59000000,0.00008000,buy
1775494621447,69824.59000000,0.00008000,buy
1775494621447,69824.59000000,0.00008000,buy
1775494621447,69824.59000000,0.00008000,buy
1775494621447,69824.59000000,0.00008000,buy
1775494621447,69824.59000000,0.00008000,buy
1775494621447,69824.59000000,0.00008000,buy
1775494621447,69824.59000000,0.00008000,buy
1775494621447,69824.59000000,0.01008000,buy
1775494621447,69824.59000000,0.00492000,buy
1775494621447,69824.59000000,0.00008000,buy
1775494621447,69824.59000000,0.00008000,buy
1775494621447,69824.59000000,0.00008000,buy
1775494621447,69824.59000000,0.00008000,buy
1775494621447,69824.59000000,0.00008000,buy
1775494621447,69824.59000000,0.00008000,buy
1775494621447,69824.59000000,0.00008000,buy
1775494621447,69824.59000000,0.00008000,buy
1775494621447,69824.59000000,0.00008000,buy
1775494621447,69824.60000000,0.00008000,buy
1775494621447,69824.60000000,0.00008000,buy
1775494621447,69824.60000000,0.00008000,buy
1775494621447,69824.60000000,0.00008000,buy
1775494621447,69824.60000000,0.00008000,buy
1775494621447,69824.60000000,0.00008000,buy
1775494621447,69824.60000000,0.00008000,buy
1775494621447,69824.60000000,0.00008000,buy
1775494621448,69826.04000000,0.00008000,buy
1775494621448,69826.04000000,0.00008000,buy
1775494621448,69826.04000000,0.00013000,buy
1775494621448,69826.04000000,0.00002000,buy
1775494621456,69826.04000000,0.00008000,buy
1775494621456,69826.05000000,0.00008000,buy
1775494621456,69826.05000000,0.00008000,buy
1775494621456,69826.59000000,0.00091000,buy
1775494621456,69826.59000000,0.00005000,buy
1775494621456,69826.04000000,0.00008000,buy
1775494621456,69826.05000000,0.00008000,buy
1775494621456,69826.06000000,0.00008000,buy
1775494621456,69826.59000000,0.00003000,buy
1775494621456,69826.59000000,0.00008000,buy
1775494621456,69826.59000000,0.00008000,buy
1775494621456,69826.59000000,0.00008000,buy
1775494621456,69826.59000000,0.00008000,buy
1775494621456,69826.59000000,0.00008000,buy
1775494621456,69827.36000000,0.00008000,buy
1775494621456,69827.37000000,0.00008000,buy
1775494621456,69827.37000000,0.00008000,buy
1775494621456,69827.37000000,0.00008000,buy
1775494621456,69827.37000000,0.00008000,buy
1775494621456,69827.37000000,0.00008000,buy
1775494621456,69828.00000000,0.00008000,buy
1775494621456,69828.01000000,0.00008000,buy
1775494621456,69828.01000000,0.00008000,buy
1775494621456,69828.01000000,0.00008000,buy
1775494621456,69828.01000000,0.00008000,buy
1775494621456,69828.01000000,0.00008000,buy
1775494621457,69828.98000000,0.00008000,buy
1775494621457,69828.98000000,0.00008000,buy
1775494621457,69829.38000000,0.00008000,buy
1775494621457,69829.39000000,0.00008000,buy
1775494621457,69829.39000000,0.00008000,buy
1775494621457,69829.39000000,0.00008000,buy
1775494621457,69829.39000000,0.00008000,buy
1775494621457,69829.39000000,0.00008000,buy
1775494621457,69830.03000000,0.00008000,buy
1775494621457,69830.03000000,0.00115000,buy
1775494621457,69830.03000000,0.00008000,buy
1775494621457,69830.30000000,0.00008000,buy
1775494621457,69830.30000000,0.00007000,buy
1775494621463,69830.30000000,0.00001000,buy
1775494621463,69830.30000000,0.00008000,buy
1775494621463,69830.30000000,0.00008000,buy
1775494621463,69830.30000000,0.00008000,buy
1775494621463,69830.30000000,0.00004000,buy
1775494621469,69830.30000000,0.00004000,buy
1775494621469,69830.30000000,0.00008000,buy
1775494621469,69830.30000000,0.00008000,buy
1775494621469,69830.30000000,0.00008000,buy
1775494621469,69830.30000000,0.00002000,buy
1775494621489,69830.30000000,0.00008000,buy
1775494621489,69830.30000000,0.00008000,buy
1775494621489,69830.30000000,0.00008000,buy
1775494621489,69830.30000000,0.00008000,buy
1775494621489,69830.30000000,0.00015000,buy
1775494621489,69830.30000000,0.00008000,buy
1775494621489,69830.30000000,0.00015000,buy
1775494621489,69830.30000000,0.00008000,buy
1775494621489,69830.30000000,0.00008000,buy
1775494621489,69830.30000000,0.00008000,buy
1775494621489,69830.30000000,0.00008000,buy
1775494621489,69830.30000000,0.00008000,buy
1775494621489,69830.30000000,0.00008000,buy
1775494621489,69830.30000000,0.00008000,buy
1775494621489,69830.30000000,0.00008000,buy
1775494621489,69830.30000000,0.00008000,buy
1775494621489,69830.30000000,0.00008000,buy
1775494621489,69830.30000000,0.00008000,buy
1775494621489,69830.30000000,0.00008000,buy
1775494621489,69830.31000000,0.00008000,buy
1775494621489,69830.31000000,0.00008000,buy
1775494621489,69830.31000000,0.00008000,buy
1775494621489,69830.31000000,0.00008000,buy
1775494621489,69830.31000000,0.00008000,buy
1775494621489,69830.31000000,0.00008000,buy
1775494621489,69830.31000000,0.00008000,buy
1775494621489,69830.31000000,0.00006000,buy
1775494621496,69830.31000000,0.00002000,buy
1775494621496,69830.31000000,0.00008000,buy
1775494621496,69830.31000000,0.00008000,buy
1775494621496,69830.31000000,0.00008000,buy
1775494621496,69830.31000000,0.00008000,buy
1775494621496,69830.31000000,0.00008000,buy
1775494621496,69830.31000000,0.00008000,buy
1775494621496,69830.31000000,0.00008000,buy
1775494621496,69830.31000000,0.00008000,buy
1775494621496,69830.31000000,0.00015000,buy
1775494621496,69830.31000000,0.00008000,buy
1775494621496,69830.31000000,0.00008000,buy
1775494621496,69830.31000000,0.00008000,buy
1775494621496,69830.31000000,0.00008000,buy
1775494621496,69830.31000000,0.00008000,buy
1775494621496,69830.31000000,0.00008000,buy
1775494621496,69830.31000000,0.00008000,buy
1775494621496,69830.31000000,0.00008000,buy
1775494621496,69830.31000000,0.00008000,buy
1775494621496,69830.31000000,0.00008000,buy
1775494621496,69830.31000000,0.00008000,buy
1775494621496,69830.31000000,0.00008000,buy
1775494621496,69830.31000000,0.00008000,buy
1775494621496,69830.31000000,0.00008000,buy
1775494621496,69830.31000000,0.00008000,buy
1775494621496,69830.31000000,0.00008000,buy
1775494621496,69830.32000000,0.00008000,buy
1775494621496,69830.32000000,0.00140000,buy
1775494621496,69830.32000000,0.00008000,buy
1775494621496,69830.32000000,0.00008000,buy
1775494621496,69830.32000000,0.00008000,buy
1775494621496,69830.32000000,0.00008000,buy
1775494621496,69830.32000000,0.00008000,buy
1775494621496,69830.32000000,0.00008000,buy
1775494621496,69830.32000000,0.00008000,buy
1775494621496,69830.32000000,0.00008000,buy
1775494621496,69830.32000000,0.00008000,buy
1775494621496,69830.32000000,0.00008000,buy
1775494621496,69830.32000000,0.00008000,buy
1775494621496,69830.51000000,0.00008000,buy
1775494621496,69830.51000000,0.00008000,buy
1775494621496,69830.66000000,0.00008000,buy
1775494621496,69830.66000000,0.00008000,buy
1775494621496,69830.66000000,0.00008000,buy
1775494621496,69830.66000000,0.00008000,buy
1775494621496,69830.66000000,0.00008000,buy
1775494621496,69830.66000000,0.00008000,buy
1775494621496,69830.66000000,0.00008000,buy
1775494621496,69830.93000000,0.00008000,buy
1775494621496,69830.93000000,0.00008000,buy
1775494621496,69831.04000000,0.00008000,buy
1775494621496,69831.04000000,0.00008000,buy
1775494621496,69831.04000000,0.00008000,buy
1775494621496,69831.04000000,0.00008000,buy
1775494621496,69831.04000000,0.00008000,buy
1775494621496,69831.18000000,0.00008000,buy
1775494621496,69831.57000000,0.00008000,buy
1775494621500,69831.58000000,0.00008000,buy
1775494621500,69831.58000000,0.00008000,buy
1775494621500,69831.58000000,0.00008000,buy
1775494621500,69831.58000000,0.00008000,buy
1775494621500,69831.58000000,0.00008000,buy
1775494621500,69831.58000000,0.00008000,buy
1775494621500,69831.58000000,0.00008000,buy
1775494621500,69831.58000000,0.00008000,buy
1775494621500,69831.58000000,0.00008000,buy
1775494621500,69831.58000000,0.00008000,buy
1775494621500,69831.58000000,0.00008000,buy
1775494621500,69831.58000000,0.00008000,buy
1775494621500,69831.58000000,0.00008000,buy
1775494621500,69831.58000000,0.00008000,buy
1775494621500,69831.58000000,0.00008000,buy
1775494621500,69831.58000000,0.00008000,buy
1775494621500,69831.58000000,0.00008000,buy
1775494621500,69831.58000000,0.00008000,buy
1775494621500,69831.58000000,0.00008000,buy
1775494621500,69831.58000000,0.00008000,buy
1775494621500,69831.58000000,0.00008000,buy
1775494621500,69831.59000000,0.00008000,buy
1775494621500,69831.59000000,0.00008000,buy
1775494621500,69831.59000000,0.00008000,buy
1775494621500,69831.59000000,0.00008000,buy
1775494621500,69831.59000000,0.00008000,buy
1775494621500,69831.59000000,0.00008000,buy
1775494621500,69831.59000000,0.00008000,buy
1775494621500,69831.59000000,0.00008000,buy
1775494621503,69832.72000000,0.00008000,buy
1775494621503,69832.72000000,0.00008000,buy
1775494621503,69832.72000000,0.00008000,buy
1775494621503,69832.72000000,0.00008000,buy
1775494621503,69832.72000000,0.00008000,buy
1775494621503,69832.72000000,0.00008000,buy
1775494621503,69832.72000000,0.00008000,buy
1775494621503,69832.72000000,0.00008000,buy
1775494621503,69832.72000000,0.00008000,buy
1775494621503,69832.72000000,0.00015000,buy
1775494621503,69832.72000000,0.00008000,buy
1775494621503,69832.73000000,0.00008000,buy
1775494621503,69832.73000000,0.00008000,buy
1775494621503,69832.73000000,0.00008000,buy
1775494621503,69832.73000000,0.00008000,buy
1775494621503,69832.73000000,0.00008000,buy
1775494621503,69832.73000000,0.00008000,buy
1775494621503,69833.67000000,0.00008000,buy
1775494621503,69833.68000000,0.00008000,buy
1775494621503,69833.68000000,0.00008000,buy
1775494621503,69833.68000000,0.00008000,buy
1775494621503,69833.72000000,0.00026000,buy
1775494621503,69833.85000000,0.00008000,buy
1775494621503,69834.00000000,0.00040000,buy
1775494621503,69835.28000000,0.00008000,buy
1775494621503,69835.29000000,0.00008000,buy
1775494621503,69836.00000000,0.00040000,buy
1775494621503,69836.00000000,0.00040000,buy
1775494621503,69836.06000000,0.00008000,buy
1775494621503,69836.06000000,0.00008000,buy
1775494621503,69836.07000000,0.00029000,buy
1775494621503,69836.06000000,0.00092000,sell
1775494621503,69836.06000000,0.00092000,sell
1775494621507,69836.06000000,0.00262000,sell
1775494621509,69836.06000000,0.00130000,sell
1775494621509,69836.06000000,0.00066000,sell
1775494621512,69836.06000000,0.00046000,sell
1775494621512,69836.06000000,0.00020000,sell
1775494621522,69836.07000000,0.00029000,buy
1775494621533,69836.07000000,0.00742000,buy
1775494621533,69836.07000000,0.00008000,buy
1775494621533,69836.07000000,0.00008000,buy
1775494621533,69836.07000000,0.00008000,buy
1775494621533,69836.07000000,0.00008000,buy
1775494621533,69836.07000000,0.00008000,buy
1775494621533,69836.07000000,0.00008000,buy
1775494621533,69836.07000000,0.00008000,buy
1775494621533,69836.07000000,0.00008000,buy
1775494621533,69836.07000000,0.00008000,buy
1775494621533,69836.07000000,0.03415000,buy
1775494621542,69836.07000000,0.03979000,buy
1775494621542,69836.07000000,0.00008000,buy
1775494621542,69836.07000000,0.00008000,buy
1775494621542,69836.07000000,0.00015000,buy
1775494621542,69836.07000000,0.00008000,buy
1775494621542,69836.07000000,0.00008000,buy
1775494621542,69836.07000000,0.00008000,buy
1775494621542,69836.07000000,0.00008000,buy
1775494621542,69836.07000000,0.00008000,buy
1775494621542,69836.07000000,0.00008000,buy
1775494621542,69836.07000000,0.00008000,buy
1775494621542,69836.07000000,0.00008000,buy
1775494621542,69836.07000000,0.00008000,buy
1775494621542,69836.07000000,0.00008000,buy
1775494621542,69836.07000000,0.00008000,buy
1775494621542,69836.07000000,0.00008000,buy
1775494621542,69836.07000000,0.00008000,buy
1775494621542,69836.07000000,0.00015000,buy
1775494621542,69836.07000000,0.00008000,buy
1775494621542,69836.07000000,0.00008000,buy
1775494621542,69836.07000000,0.00008000,buy
1775494621542,69836.07000000,0.00008000,buy
1775494621542,69836.07000000,0.00008000,buy
1775494621542,69836.07000000,0.00008000,buy
1775494621542,69836.07000000,0.00008000,buy
1775494621542,69836.07000000,0.00008000,buy
1775494621542,69836.07000000,0.00008000,buy
1775494621542,69836.07000000,0.00008000,buy
1775494621542,69836.07000000,0.00008000,buy
1775494621545,69836.07000000,0.00008000,buy
1775494621545,69836.08000000,0.00008000,buy
1775494621545,69836.08000000,0.00008000,buy
1775494621545,69836.08000000,0.00006000,buy
1775494621550,69836.07000000,0.00008000,buy
1775494621550,69836.07000000,0.00008000,buy
1775494621550,69836.07000000,0.00008000,buy
1775494621550,69836.07000000,0.00015000,buy
1775494621550,69836.07000000,0.00008000,buy
1775494621550,69836.07000000,0.00008000,buy
1775494621550,69836.07000000,0.00008000,buy
1775494621550,69836.07000000,0.00008000,buy
1775494621550,69836.07000000,0.00008000,buy
1775494621550,69836.07000000,0.00008000,buy
1775494621550,69836.07000000,0.00008000,buy
1775494621550,69836.07000000,0.00008000,buy
1775494621550,69836.07000000,0.00008000,buy
1775494621550,69836.07000000,0.00008000,buy
1775494621550,69836.07000000,0.00008000,buy
1775494621550,69836.08000000,0.00008000,buy
1775494621550,69836.08000000,0.00008000,buy
1775494621550,69836.08000000,0.00008000,buy
1775494621550,69836.08000000,0.00008000,buy
1775494621551,69836.08000000,0.00008000,buy
1775494621551,69836.08000000,0.00008000,buy
1775494621551,69836.09000000,0.00008000,buy
1775494621551,69836.52000000,0.00008000,buy
1775494621551,69836.52000000,0.00008000,buy
1775494621551,69836.52000000,0.00008000,buy
1775494621551,69836.95000000,0.00008000,buy
1775494621551,69837.02000000,0.00008000,buy
1775494621551,69837.24000000,0.00115000,buy
1775494621551,69837.94000000,0.00008000,buy
1775494621551,69837.98000000,0.00011000,buy
1775494621558,69838.00000000,0.00020000,buy
1775494621566,69838.00000000,0.00020000,buy
1775494621566,69838.00000000,0.00019000,buy
1775494621875,69837.99000000,0.07669000,sell
1775494621878,69838.00000000,0.00021000,buy
1775494621878,69838.00000000,0.00040000,buy
1775494621878,69838.00000000,0.00008000,buy
1775494621878,69838.00000000,0.00008000,buy
1775494621878,69838.00000000,0.00008000,buy
1775494621878,69838.00000000,0.00008000,buy
1775494621878,69838.00000000,0.00008000,buy
1775494621878,69838.00000000,0.10506000,buy
1775494621878,69838.00000000,0.00008000,buy
1775494621878,69838.00000000,0.00015000,buy
1775494621878,69838.00000000,0.00008000,buy
1775494621878,69838.00000000,0.10720000,buy
1775494621878,69838.00000000,0.00015000,buy
1775494621878,69838.00000000,0.04752000,buy
1775494622071,69837.99000000,0.14751000,sell
1775494622071,69837.99000000,0.00370000,sell
1775494622071,69837.99000000,0.11616000,sell
1775494622071,69837.99000000,0.00286000,sell
1775494622071,69837.99000000,0.00214000,sell
1775494622071,69837.99000000,0.22420000,sell
1775494622071,69837.99000000,0.17511000,sell
1775494622071,69837.99000000,0.00015000,sell
1775494622071,69837.99000000,0.00008000,sell
1775494622071,69837.99000000,0.20700000,sell
1775494622071,69837.99000000,0.00015000,sell
1775494622071,69837.99000000,0.07401000,sell
1775494622072,69837.99000000,0.00182000,sell
1775494622072,69837.99000000,0.22789000,sell
1775494622072,69837.99000000,0.00015000,sell
1775494622072,69837.99000000,0.00015000,sell
1775494622072,69837.99000000,0.00008000,sell
1775494622072,69837.99000000,0.00173000,sell
1775494622072,69837.99000000,0.00047000,sell
1775494622072,69837.99000000,0.19905000,sell
1775494622072,69837.99000000,0.01639000,sell
1775494622072,69837.99000000,0.00008000,sell
1775494622072,69837.99000000,0.00008000,sell
1775494622072,69837.99000000,0.00008000,sell
1775494622072,69837.99000000,0.00008000,sell
1775494622072,69837.99000000,0.00008000,sell
1775494622072,69837.99000000,0.00008000,sell
1775494622072,69837.98000000,0.00008000,sell
1775494622072,69837.38000000,0.00008000,sell
1775494622072,69837.38000000,0.00008000,sell
1775494622072,69837.38000000,0.00008000,sell
1775494622072,69837.37000000,0.00008000,sell
1775494622072,69837.36000000,0.00008000,sell
1775494622072,69837.36000000,0.00008000,sell
1775494622072,69837.36000000,0.00008000,sell
1775494622072,69837.35000000,0.65547000,sell
1775494622072,69837.35000000,1.03694000,sell
1775494622072,69837.35000000,0.04000000,sell
1775494622073,69837.35000000,0.11950000,sell
1775494622079,69837.35000000,0.00008000,sell
1775494622079,69837.35000000,0.00052000,sell
1775494622089,69837.35000000,0.00008000,sell
1775494622089,69837.35000000,0.00008000,sell
1775494622089,69837.35000000,0.00008000,sell
1775494622089,69837.35000000,0.00002000,sell
1775494622101,69837.35000000,0.00013000,sell
1775494622101,69837.35000000,0.00008000,sell
1775494622101,69837.35000000,0.00008000,sell
1775494622101,69837.35000000,0.00008000,sell
1775494622101,69837.35000000,0.00008000,sell
1775494622101,69837.35000000,0.00008000,sell
1775494622101,69837.35000000,0.00008000,sell
1775494622101,69837.35000000,0.00008000,sell
1775494622101,69837.35000000,0.00008000,sell
1775494622101,69837.35000000,0.00008000,sell
1775494622101,69837.35000000,0.00008000,sell
1775494622101,69837.35000000,0.00008000,sell
1775494622101,69837.35000000,0.00008000,sell
1775494622101,69837.35000000,0.00008000,sell
1775494622101,69837.35000000,0.00008000,sell
1775494622101,69837.35000000,0.00008000,sell
1775494622101,69837.35000000,0.00008000,sell
1775494622101,69837.35000000,0.00008000,sell
1775494622101,69837.35000000,0.00008000,sell
1775494622101,69837.35000000,0.00008000,sell
1775494622101,69837.35000000,0.00008000,sell
1775494622101,69837.35000000,0.00008000,sell
1775494622101,69837.35000000,0.00008000,sell
1775494622101,69837.35000000,0.00008000,sell
1775494622101,69837.35000000,0.00008000,sell
1775494622101,69837.35000000,0.00008000,sell
1775494622101,69837.35000000,0.00008000,sell
1775494622101,69837.34000000,0.00008000,sell
1775494622101,69837.34000000,0.00008000,sell
1775494622102,69837.34000000,0.00008000,sell
1775494622102,69837.34000000,0.00008000,sell
1775494622102,69837.34000000,0.00008000,sell
1775494622102,69836.96000000,0.00008000,sell
1775494622102,69836.07000000,0.00008000,sell
1775494622102,69836.07000000,0.00015000,sell
1775494622102,69836.07000000,0.00008000,sell
1775494622102,69836.07000000,0.00008000,sell
1775494622102,69836.06000000,0.00008000,sell
1775494622102,69836.06000000,0.00093000,sell
1775494622102,69836.06000000,0.00093000,sell
1775494622102,69836.06000000,0.00267000,sell
1775494622102,69836.06000000,0.00067000,sell
1775494622102,69836.06000000,0.00178000,sell
1775494622102,69836.06000000,0.00008000,sell
1775494622102,69836.06000000,0.00008000,sell
1775494622102,69836.06000000,0.00008000,sell
1775494622102,69836.06000000,0.00008000,sell
1775494622102,69836.06000000,0.00008000,sell
1775494622102,69836.06000000,0.00008000,sell
1775494622102,69836.06000000,0.00008000,sell
1775494622102,69836.06000000,0.00008000,sell
1775494622102,69833.80000000,0.00008000,sell
1775494622102,69833.79000000,0.00008000,sell
1775494622102,69832.74000000,0.00008000,sell
1775494622102,69832.74000000,0.00008000,sell
1775494622102,69832.74000000,0.00008000,sell
1775494622102,69832.74000000,0.00008000,sell
1775494622102,69832.73000000,0.04140000,sell
1775494622102,69832.73000000,0.00008000,sell
1775494622102,69832.73000000,0.00008000,sell
1775494622102,69832.72000000,0.00008000,sell
1775494622102,69832.72000000,0.00008000,sell
1775494622102,69832.72000000,0.00008000,sell
1775494622102,69832.71000000,0.00008000,sell
1775494622102,69832.71000000,0.00008000,sell
1775494622102,69832.71000000,0.00008000,sell
1775494622102,69832.71000000,0.00008000,sell
1775494622102,69832.71000000,0.00008000,sell
1775494622102,69832.71000000,0.00008000,sell
1775494622102,69832.05000000,0.00008000,sell
1775494622102,69831.78000000,0.00008000,sell
1775494622102,69831.78000000,0.00008000,sell
1775494622102,69831.57000000,0.00008000,sell
1775494622102,69831.57000000,0.00008000,sell
1775494622102,69831.57000000,0.00008000,sell
1775494622102,69831.00000000,0.00300000,sell
1775494622102,69830.51000000,0.00008000,sell
1775494622102,69830.37000000,0.00008000,sell
1775494622102,69830.37000000,0.00008000,sell
1775494622102,69830.37000000,0.00008000,sell
1775494622274,69830.36000000,0.02864000,sell
1775494622292,69830.36000000,0.00049000,sell
1775494622565,69830.37000000,0.00020000,buy
1775494622581,69830.36000000,0.00008000,sell
1775494622582,69830.36000000,0.00008000,sell
1775494622582,69830.36000000,0.00008000,sell
1775494622582,69830.36000000,0.00035000,sell
1775494622598,69830.36000000,0.00030000,sell
1775494622619,69830.36000000,0.00030000,sell
1775494622638,69830.36000000,0.00015000,sell
1775494622638,69830.36000000,0.00008000,sell
1775494622638,69830.36000000,0.00006000,sell
1775494622657,69830.36000000,0.00002000,sell
1775494622657,69830.36000000,0.00008000,sell
1775494622657,69830.36000000,0.00008000,sell
1775494622657,69830.36000000,0.00008000,sell
1775494622657,69830.36000000,0.00015000,sell
1775494622657,69830.36000000,0.00015000,sell
1775494622657,69830.36000000,0.00008000,sell
1775494622657,69830.36000000,0.00008000,sell
1775494622657,69830.36000000,0.00008000,sell
1775494622657,69830.36000000,0.00008000,sell
1775494622657,69830.36000000,0.00008000,sell
1775494622657,69830.36000000,0.00008000,sell
1775494622657,69830.36000000,0.00016000,sell
1775494622657,69830.36000000,0.00021000,sell
1775494622657,69830.36000000,0.00008000,sell
1775494622657,69830.36000000,0.00008000,sell
1775494622657,69830.36000000,0.00008000,sell
1775494622657,69830.36000000,0.00008000,sell
1775494622657,69830.36000000,0.00008000,sell
1775494622657,69830.36000000,0.00008000,sell
1775494622657,69830.36000000,0.00008000,sell
1775494622657,69830.36000000,0.00008000,sell
1775494622657,69830.36000000,0.00008000,sell
1775494622657,69830.36000000,0.00008000,sell
1775494622657,69830.36000000,0.00008000,sell
1775494622657,69830.36000000,0.00008000,sell
1775494622657,69830.36000000,0.00008000,sell
1775494622657,69830.35000000,0.00008000,sell
1775494622657,69830.35000000,0.00008000,sell
1775494622657,69830.35000000,0.00008000,sell
1775494622657,69830.35000000,0.00008000,sell
1775494622657,69830.35000000,0.00008000,sell
1775494622657,69830.35000000,0.00008000,sell
1775494622657,69830.35000000,0.00008000,sell
1775494622657,69830.31000000,0.00008000,sell
1775494622657,69830.30000000,0.00008000,sell
1775494622657,69830.30000000,0.00008000,sell
1775494622657,69830.30000000,0.00008000,sell
1775494622657,69830.29000000,0.00008000,sell
1775494622657,69830.29000000,0.00008000,sell
1775494622657,69830.29000000,0.00008000,sell
1775494622657,69830.29000000,0.00008000,sell
1775494622657,69830.29000000,0.00008000,sell
1775494622657,69830.29000000,0.00008000,sell
1775494622657,69830.29000000,0.00008000,sell
1775494622657,69830.29000000,0.00008000,sell
1775494622657,69830.29000000,0.00008000,sell
1775494622657,69830.25000000,0.00115000,sell
1775494622657,69829.38000000,0.00008000,sell
1775494622657,69828.00000000,0.00040000,sell
1775494622657,69827.86000000,0.00008000,sell
1775494622657,69827.71000000,0.00008000,sell
1775494622657,69827.71000000,0.00008000,sell
1775494622657,69826.50000000,0.00008000,sell
1775494622657,69826.05000000,0.00008000,sell
1775494622657,69826.04000000,0.00008000,sell
1775494622657,69826.04000000,0.00008000,sell
1775494622657,69826.04000000,0.00008000,sell
1775494622657,69826.04000000,0.00008000,sell
1775494622657,69826.04000000,0.00008000,sell
1775494622657,69826.03000000,0.00030000,sell
1775494622661,69826.04000000,0.00008000,buy
1775494622903,69826.03000000,0.00008000,sell
1775494622903,69826.03000000,0.00008000,sell
1775494622903,69826.03000000,0.00013000,sell
1775494622982,69826.03000000,0.00008000,sell
1775494622983,69826.03000000,0.00008000,sell
1775494622983,69826.03000000,0.00013000,sell
1775494622999,69826.03000000,0.00002000,sell
1775494622999,69826.03000000,0.00008000,sell
1775494622999,69826.03000000,0.00008000,sell
1775494622999,69826.03000000,0.00008000,sell
1775494622999,69826.03000000,0.00004000,sell
1775494623057,69826.03000000,0.00004000,sell
1775494623057,69826.03000000,0.00008000,sell
1775494623057,69826.03000000,0.00008000,sell
1775494623057,69826.03000000,0.00008000,sell
1775494623057,69826.03000000,0.00002000,sell
1775494623073,69826.03000000,0.00006000,sell
1775494623074,69826.03000000,0.00008000,sell
1775494623074,69826.03000000,0.00015000,sell
1775494623074,69826.03000000,0.00001000,sell
1775494623090,69826.03000000,0.00007000,sell
1775494623090,69826.03000000,0.00008000,sell
1775494623090,69826.03000000,0.00015000,sell
1775494623108,69826.03000000,0.00008000,sell
1775494623108,69826.03000000,0.00008000,sell
1775494623108,69826.03000000,0.00013000,sell
1775494623126,69826.03000000,0.00002000,sell
1775494623126,69826.03000000,0.00015000,sell
1775494623126,69826.03000000,0.00008000,sell
1775494623126,69826.03000000,0.00004000,sell
1775494623139,69826.03000000,0.00011000,sell
1775494623139,69826.03000000,0.00008000,sell
1775494623139,69826.03000000,0.00008000,sell
1775494623139,69826.03000000,0.00002000,sell
1775494623984,69826.03000000,0.00006000,sell
1775494623984,69826.03000000,0.00008000,sell
1775494623984,69826.03000000,0.01283000,sell
1775494624034,69826.04000000,0.00143000,buy
1775494624060,69826.04000000,0.00009000,buy
1775494624254,69826.03000000,0.06097000,sell
1775494624254,69826.03000000,0.00008000,sell
1775494624254,69826.03000000,0.00008000,sell
1775494624254,69826.03000000,0.00008000,sell
1775494624254,69826.03000000,0.00008000,sell
1775494624254,69826.03000000,0.00008000,sell
1775494624254,69826.03000000,0.00008000,sell
1775494624254,69826.03000000,0.00008000,sell
1775494624254,69826.03000000,0.00008000,sell
1775494624254,69826.03000000,0.00008000,sell
1775494624254,69826.03000000,0.00008000,sell
1775494624254,69826.03000000,0.00008000,sell
1775494624254,69826.03000000,0.00008000,sell
1775494624254,69826.03000000,0.00008000,sell
1775494624254,69826.03000000,0.00008000,sell
1775494624254,69826.03000000,0.00015000,sell
1775494624254,69826.03000000,0.00015000,sell
1775494624254,69826.03000000,0.00008000,sell
1775494624254,69826.03000000,0.00008000,sell
1775494624254,69826.03000000,0.00015000,sell
1775494624254,69826.03000000,0.00016000,sell
1775494624254,69826.03000000,0.00015000,sell
1775494624254,69826.03000000,0.00015000,sell
1775494624254,69826.03000000,0.00144000,sell
1775494624254,69826.03000000,0.00315000,sell
1775494624254,69826.03000000,0.00008000,sell
1775494624254,69826.03000000,0.00008000,sell
1775494624254,69826.03000000,0.00008000,sell
1775494624254,69826.03000000,0.00008000,sell
1775494624254,69826.03000000,0.00008000,sell
1775494624254,69826.03000000,0.00008000,sell
1775494624254,69826.03000000,0.00008000,sell
1775494624254,69826.03000000,0.00008000,sell
1775494624254,69826.03000000,0.00008000,sell
1775494624254,69826.03000000,0.00008000,sell
1775494624254,69826.02000000,0.00008000,sell
1775494624254,69826.02000000,0.00008000,sell
1775494624254,69826.02000000,0.00008000,sell
1775494624254,69826.02000000,0.00008000,sell
1775494624254,69826.02000000,0.00008000,sell
1775494624254,69826.02000000,0.00008000,sell
1775494624254,69826.02000000,0.00008000,sell
1775494624254,69826.01000000,0.00028000,sell
1775494624254,69826.00000000,0.00040000,sell
1775494624254,69826.00000000,0.00019000,sell
1775494624254,69825.84000000,0.00008000,sell
1775494624254,69824.60000000,0.00008000,sell
1775494624254,69824.59000000,0.00008000,sell
1775494624254,69824.59000000,0.00008000,sell
1775494624254,69824.59000000,0.00008000,sell
1775494624254,69824.59000000,0.00008000,sell
1775494624254,69824.58000000,0.11821000,sell
1775494624254,69824.58000000,0.00008000,sell
1775494624254,69824.58000000,0.00008000,sell
1775494624254,69824.58000000,0.00008000,sell
1775494624254,69824.58000000,0.00008000,sell
1775494624254,69824.58000000,0.00008000,sell
1775494624254,69824.42000000,0.00008000,sell
1775494624254,69824.41000000,0.00008000,sell
1775494624254,69824.41000000,0.00008000,sell
1775494624254,69824.00000000,0.00040000,sell
1775494624254,69824.00000000,0.00040000,sell
1775494624254,69824.00000000,0.00040000,sell
1775494624254,69823.27000000,0.00115000,sell
1775494624254,69823.17000000,0.00008000,sell
1775494624254,69822.80000000,0.00009000,sell
1775494624254,69822.70000000,0.00008000,sell
1775494624254,69822.59000000,0.00008000,sell
1775494624254,69822.44000000,0.00021000,sell
1775494624254,69822.23000000,0.00008000,sell
1775494624254,69822.23000000,0.00008000,sell
1775494624254,69822.23000000,0.00008000,sell
1775494624254,69822.23000000,0.00008000,sell
1775494624254,69822.22000000,0.09803000,sell
1775494624254,69822.22000000,0.00008000,sell
1775494624254,69822.22000000,0.00008000,sell
1775494624254,69822.22000000,0.00008000,sell
1775494624254,69822.22000000,0.00008000,sell
1775494624254,69822.22000000,0.00008000,sell
1775494624254,69822.22000000,0.00008000,sell
1775494624254,69822.22000000,0.00008000,sell
1775494624254,69822.22000000,0.00008000,sell
1775494624254,69822.21000000,0.07083000,sell
1775494624254,69822.00000000,0.00040000,sell
1775494624254,69822.00000000,0.00040000,sell
1775494624254,69822.00000000,0.00040000,sell
1775494624254,69821.39000000,0.00042000,sell
1775494624254,69821.38000000,0.00008000,sell
1775494624254,69821.38000000,0.00008000,sell
1775494624254,69821.38000000,0.00008000,sell
1775494624254,69821.37000000,0.02989000,sell
1775494624254,69821.37000000,0.00008000,sell
1775494624254,69821.33000000,0.00540000,sell
1775494624254,69821.33000000,0.00008000,sell
1775494624254,69821.29000000,0.00011000,sell
1775494624254,69821.24000000,0.00008000,sell
1775494624254,69821.23000000,0.00144000,sell
1775494624254,69821.20000000,0.00097000,sell
1775494624254,69821.20000000,0.00008000,sell
1775494624255,69821.20000000,0.00011000,sell
1775494624255,69821.20000000,0.00020000,sell
1775494624255,69821.20000000,0.00090000,sell
1775494624255,69821.20000000,0.00120000,sell
1775494624255,69821.20000000,0.00011000,sell
1775494624255,69821.20000000,0.00013000,sell
1775494624255,69821.20000000,0.00044000,sell
1775494624255,69821.20000000,0.00008000,sell
1775494624255,69821.20000000,0.00008000,sell
1775494624255,69821.20000000,0.00033000,sell
1775494624255,69821.20000000,0.00039000,sell
1775494624255,69821.20000000,0.00070000,sell
1775494624255,69821.20000000,0.00012000,sell
1775494624255,69821.20000000,0.00068000,sell
1775494624255,69821.20000000,0.00008000,sell
1775494624255,69820.89000000,0.00008000,sell
1775494624255,69820.83000000,0.00008000,sell
1775494624255,69820.83000000,0.00008000,sell
1775494624255,69820.83000000,0.00008000,sell
1775494624255,69820.82000000,0.04084000,sell
1775494624255,69820.82000000,0.00008000,sell
1775494624255,69820.57000000,0.00009000,sell
1775494624255,69820.52000000,0.00008000,sell
1775494624255,69820.50000000,0.00008000,sell
1775494624255,69820.50000000,0.00031000,sell
1775494624255,69820.00000000,0.00050000,sell
1775494624255,69820.00000000,0.00012000,sell
1775494624255,69820.00000000,0.00008000,sell
1775494624255,69820.00000000,0.00040000,sell
1775494624255,69820.00000000,0.00040000,sell
1775494624255,69820.00000000,0.00040000,sell
1775494624255,69819.88000000,0.00057000,sell
1775494624255,69819.85000000,0.00010000,sell
1775494624255,69819.84000000,0.00012000,sell
1775494624255,69819.69000000,0.00184000,sell
1775494624255,69819.69000000,0.00008000,sell
1775494624255,69819.69000000,0.00008000,sell
1775494624255,69819.69000000,0.00008000,sell
1775494624255,69819.69000000,0.00008000,sell
1775494624255,69819.69000000,0.00008000,sell
1775494624255,69819.69000000,0.00008000,sell
1775494624255,69819.69000000,0.00008000,sell
1775494624255,69819.69000000,0.00008000,sell
1775494624255,69819.69000000,0.00008000,sell
1775494624255,69819.67000000,0.00019000,sell
1775494624255,69819.51000000,0.00008000,sell
1775494624255,69819.49000000,0.00010000,sell
1775494624255,69819.36000000,0.00008000,sell
1775494624255,69819.32000000,0.00015000,sell
1775494624255,69819.12000000,0.00042000,sell
1775494624255,69819.10000000,0.00048000,sell
1775494624255,69819.04000000,0.00300000,sell
1775494624255,69818.99000000,0.00028000,sell
1775494624255,69820.52000000,0.00008000,sell
1775494624256,69820.52000000,0.00007000,sell
1775494624256,69820.52000000,0.00022000,sell
1775494624274,69820.52000000,0.00029000,sell
1775494624289,69820.52000000,0.00029000,sell
1775494624307,69820.52000000,0.00029000,sell
1775494624482,69820.52000000,0.00008000,sell
1775494624482,69820.52000000,0.00008000,sell
1775494624482,69820.52000000,0.00008000,sell
1775494624482,69820.52000000,0.00008000,sell
1775494624482,69820.52000000,0.00008000,sell
1775494624482,69820.52000000,0.00015000,sell
1775494624482,69820.52000000,0.00008000,sell
1775494624482,69820.52000000,0.00008000,sell
1775494624482,69820.52000000,0.00008000,sell
1775494624482,69820.52000000,0.00008000,sell
1775494624482,69820.52000000,0.00008000,sell
1775494624482,69820.52000000,0.00015000,sell
1775494624482,69820.52000000,0.00008000,sell
1775494624482,69820.52000000,0.00008000,sell
1775494624482,69820.52000000,0.00008000,sell
1775494624482,69820.52000000,0.00008000,sell
1775494624482,69820.52000000,0.00008000,sell
1775494624482,69820.52000000,0.00008000,sell
1775494624482,69820.52000000,0.00008000,sell
1775494624482,69820.52000000,0.00008000,sell
1775494624482,69820.52000000,0.00008000,sell
1775494624482,69820.51000000,0.00008000,sell
1775494624482,69820.51000000,0.00008000,sell
1775494624482,69820.51000000,0.00008000,sell
1775494624482,69820.51000000,0.00008000,sell
1775494624482,69819.36000000,0.00008000,sell
1775494624482,69819.12000000,0.00008000,sell
1775494624482,69818.99000000,0.00018000,sell
1775494624482,69818.99000000,0.00008000,sell
1775494624482,69818.99000000,0.00008000,sell
1775494624482,69818.62000000,0.00008000,sell
1775494624482,69818.56000000,0.00008000,sell
1775494624482,69818.56000000,0.00008000,sell
1775494624482,69818.29000000,0.00272000,sell
1775494624482,69818.19000000,0.00008000,sell
1775494624482,69818.19000000,0.00008000,sell
1775494624482,69818.19000000,0.00008000,sell
1775494624482,69818.19000000,0.00008000,sell
1775494624487,69818.18000000,0.00008000,sell
1775494624487,69818.18000000,0.00021000,sell
1775494624553,69818.19000000,0.00060000,buy
1775494624713,69818.18000000,0.00012000,sell
1775494624748,69818.19000000,0.00065000,buy
1775494624858,69818.18000000,0.00041000,sell
1775494624858,69818.18000000,0.00016000,sell
1775494624858,69818.18000000,0.00008000,sell
1775494624858,69818.18000000,0.00837000,sell
1775494624858,69818.18000000,0.00051000,sell
1775494624858,69818.18000000,0.00031000,sell
1775494624858,69818.18000000,0.00008000,sell
1775494624858,69818.18000000,0.00008000,sell
1775494624858,69818.18000000,0.00008000,sell
1775494624858,69818.18000000,0.00008000,sell
1775494624858,69818.18000000,0.00008000,sell
1775494624858,69818.18000000,0.00008000,sell
1775494624858,69818.18000000,0.00015000,sell
1775494624858,69818.18000000,0.00008000,sell
1775494624858,69818.18000000,0.00008000,sell
1775494624858,69818.18000000,0.00015000,sell
1775494624858,69818.18000000,0.00008000,sell
1775494624858,69818.18000000,0.00008000,sell
1775494624858,69818.18000000,0.00008000,sell
1775494624858,69818.18000000,0.00008000,sell
1775494624858,69818.18000000,0.00015000,sell
1775494624858,69818.18000000,0.00008000,sell
1775494624858,69818.18000000,0.00008000,sell
1775494624858,69818.18000000,0.00008000,sell
1775494624858,69818.18000000,0.00008000,sell
1775494624858,69818.18000000,0.00008000,sell
1775494624858,69818.17000000,0.00008000,sell
1775494624858,69818.17000000,0.00008000,sell
1775494624858,69818.17000000,0.00008000,sell
1775494624858,69818.17000000,0.00008000,sell
1775494624858,69818.17000000,0.00008000,sell
1775494624858,69818.17000000,0.00008000,sell
1775494624858,69818.17000000,0.00008000,sell
1775494624858,69818.00000000,0.00040000,sell
1775494624858,69818.00000000,0.00040000,sell
1775494624858,69818.00000000,0.00040000,sell
1775494624858,69817.99000000,0.00041000,sell
1775494624858,69817.83000000,0.00008000,sell
1775494624858,69817.75000000,0.00092000,sell
1775494624858,69817.74000000,0.00009000,sell
1775494624858,69817.50000000,0.00033000,sell
1775494624858,69817.42000000,0.00012000,sell
1775494624858,69817.38000000,0.00008000,sell
1775494624858,69817.29000000,0.00016000,sell
1775494624858,69817.27000000,0.00011000,sell
1775494624858,69817.22000000,0.00008000,sell
1775494624858,69817.06000000,0.00010000,sell
1775494624858,69817.06000000,0.00013000,sell
1775494624858,69816.94000000,0.00017000,sell
1775494624858,69816.73000000,0.00013000,sell
1775494624858,69816.67000000,0.00013000,sell
1775494624858,69816.37000000,0.00010000,sell
1775494624858,69816.29000000,0.00115000,sell
1775494624858,69816.27000000,0.00144000,sell
1775494624858,69816.02000000,0.00008000,sell
1775494624858,69816.00000000,0.00018000,sell
1775494624858,69816.00000000,0.00040000,sell
1775494624858,69816.00000000,0.00040000,sell
1775494624858,69816.00000000,0.00040000,sell
1775494624858,69815.98000000,0.00008000,sell
1775494624858,69815.67000000,0.00008000,sell
1775494624858,69815.66000000,0.00594000,sell
1775494624858,69815.66000000,0.00008000,sell
1775494624858,69815.45000000,0.00093000,sell
1775494624858,69815.31000000,0.00008000,sell
1775494624858,69815.29000000,0.00072000,sell
1775494624858,69815.26000000,0.00015000,sell
1775494624858,69815.16000000,0.00008000,sell
1775494624858,69815.00000000,0.00045000,sell
1775494624859,69815.00000000,0.00049000,sell
1775494624859,69814.82000000,0.00018000,sell
1775494624859,69814.81000000,0.00049000,sell
1775494624859,69814.61000000,0.00008000,sell
1775494624859,69814.38000000,0.00058000,sell
1775494624859,69814.00000000,0.00040000,sell
1775494624859,69814.00000000,0.00040000,sell
1775494624859,69814.00000000,0.00040000,sell
1775494624859,69813.97000000,0.00008000,sell
1775494624859,69813.71000000,0.00008000,sell
1775494624859,69813.57000000,0.00015000,sell
1775494624859,69813.37000000,0.00008000,sell
1775494624859,69812.79000000,0.00008000,sell
1775494624859,69812.79000000,0.00008000,sell
1775494624859,69812.79000000,0.00008000,sell
1775494624859,69812.79000000,0.00008000,sell
1775494624859,69812.79000000,0.00008000,sell
1775494624859,69812.78000000,0.02264000,sell
1775494624859,69812.78000000,0.00008000,sell
1775494624859,69812.68000000,0.00008000,sell
1775494624859,69812.52000000,0.00023000,sell
1775494624859,69812.50000000,0.00030000,sell
1775494624859,69812.50000000,0.00013000,sell
1775494624859,69812.49000000,0.00008000,sell
1775494624859,69812.15000000,0.00008000,sell
1775494624859,69812.14000000,0.00008000,sell
1775494624859,69812.13000000,0.00042000,sell
1775494624859,69812.13000000,0.00030000,sell
1775494624859,69812.05000000,0.00015000,sell
1775494624859,69812.05000000,0.00300000,sell
1775494624859,69812.00000000,0.00143000,sell
1775494624859,69812.00000000,0.00040000,sell
1775494624859,69812.00000000,0.00040000,sell
1775494624859,69812.00000000,0.00040000,sell
1775494624859,69811.82000000,0.00015000,sell
1775494624859,69811.23000000,0.00020000,sell
1775494624859,69811.23000000,0.00013000,sell
1775494624859,69811.23000000,0.00008000,sell
1775494624859,69810.72000000,0.00008000,sell
1775494624859,69810.55000000,0.01466000,sell
1775494624859,69810.35000000,0.00015000,sell
1775494624859,69810.31000000,0.00050000,sell
1775494624859,69810.30000000,0.00008000,sell
1775494624859,69810.28000000,0.00084000,sell
1775494624859,69810.28000000,0.00008000,sell
1775494624859,69810.28000000,0.00008000,sell
1775494624859,69810.28000000,0.00013000,sell
1775494625599,69810.29000000,0.00097000,buy
1775494625804,69810.28000000,0.00037000,sell
1775494625860,69810.28000000,0.00041000,sell
1775494626191,69810.29000000,0.00014000,buy
1775494626217,69810.28000000,0.00266000,sell
1775494626422,69810.28000000,0.00008000,sell
1775494626422,69810.28000000,0.00015000,sell
1775494626422,69810.28000000,0.00008000,sell
1775494626422,69810.28000000,0.00008000,sell
1775494626422,69810.28000000,0.00015000,sell
1775494626422,69810.28000000,0.00008000,sell
1775494626422,69810.28000000,0.00008000,sell
1775494626422,69810.28000000,0.00008000,sell
1775494626422,69810.28000000,0.00008000,sell
1775494626422,69810.28000000,0.00008000,sell
1775494626422,69810.28000000,0.00008000,sell
1775494626422,69810.28000000,0.00008000,sell
1775494626422,69810.28000000,0.00015000,sell
1775494626422,69810.28000000,0.00008000,sell
1775494626422,69810.28000000,0.00008000,sell
1775494626422,69810.28000000,0.00015000,sell
1775494626422,69810.28000000,0.00008000,sell
1775494626422,69810.28000000,0.00008000,sell
1775494626422,69810.28000000,0.00008000,sell
1775494626422,69810.28000000,0.00008000,sell
1775494626422,69810.28000000,0.00008000,sell
1775494626422,69810.28000000,0.00008000,sell
1775494626422,69810.28000000,0.00008000,sell
1775494626422,69810.28000000,0.00008000,sell
1775494626422,69810.28000000,0.00008000,sell
1775494626422,69810.28000000,0.00008000,sell
1775494626422,69810.28000000,0.00008000,sell
1775494626422,69810.27000000,0.00008000,sell
1775494626422,69810.27000000,0.00008000,sell
1775494626422,69810.27000000,0.00008000,sell
1775494626422,69810.00000000,0.00050000,sell
1775494626422,69810.00000000,0.00040000,sell
1775494626422,69810.00000000,0.00160000,sell
1775494626422,69810.00000000,0.00120000,sell
1775494626422,69809.97000000,0.00016000,sell
1775494626422,69809.82000000,0.00008000,sell
1775494626422,69809.82000000,0.00035000,sell
1775494626422,69809.80000000,0.00038000,sell
1775494626422,69809.52000000,0.00061000,sell
1775494626422,69809.42000000,0.00026000,sell
1775494626422,69809.34000000,0.00008000,sell
1775494626422,69809.34000000,0.00045000,sell
1775494626422,69809.30000000,0.00115000,sell
1775494626422,69809.29000000,0.00008000,sell
1775494626422,69809.08000000,0.00008000,sell
1775494626422,69808.96000000,0.00009000,sell
1775494626422,69808.90000000,0.00010000,sell
1775494626422,69808.88000000,0.00011000,sell
1775494626422,69808.87000000,0.00008000,sell
1775494626422,69808.87000000,0.00008000,sell
1775494626422,69808.87000000,0.00008000,sell
1775494626422,69808.87000000,0.00008000,sell
1775494626422,69808.86000000,0.00008000,sell
1775494626422,69808.86000000,0.00008000,sell
1775494626422,69808.86000000,0.00008000,sell
1775494626422,69808.86000000,0.00008000,sell
1775494626422,69808.86000000,0.00008000,sell
1775494626423,69808.85000000,0.01478000,sell
1775494626423,69808.85000000,0.00029000,sell
1775494626430,69808.86000000,0.00008000,buy
1775494626443,69808.85000000,0.00030000,sell
1775494626462,69808.85000000,0.00029000,sell
1775494626481,69808.85000000,0.00030000,sell
1775494626499,69808.85000000,0.00030000,sell
1775494626516,69808.85000000,0.00030000,sell
1775494626531,69808.85000000,0.00030000,sell
1775494626547,69808.85000000,0.00029000,sell
1775494626567,69808.85000000,0.00030000,sell
1775494626585,69808.85000000,0.00030000,sell
1775494626602,69808.85000000,0.00030000,sell
1775494626627,69808.85000000,0.42145000,sell
1775494626627,69808.85000000,0.00008000,sell
1775494626627,69808.85000000,0.00008000,sell
1775494626627,69808.85000000,0.00015000,sell
1775494626627,69808.85000000,0.00008000,sell
1775494626627,69808.85000000,0.00008000,sell
1775494626627,69808.85000000,0.00008000,sell
1775494626627,69808.85000000,0.00008000,sell
1775494626627,69808.85000000,0.00008000,sell
1775494626627,69808.85000000,0.00015000,sell
1775494626627,69808.85000000,0.00008000,sell
1775494626627,69808.85000000,0.00008000,sell
1775494626627,69808.85000000,0.00008000,sell
1775494626627,69808.85000000,0.30920000,sell
1775494626627,69808.85000000,0.00015000,sell
1775494626627,69808.85000000,0.00008000,sell
1775494626627,69808.85000000,0.22842000,sell
1775494626627,69808.85000000,0.15680000,sell
1775494626627,69808.85000000,0.07483000,sell
1775494626627,69808.85000000,0.18349000,sell
1775494626627,69808.85000000,0.00015000,sell
1775494626627,69808.85000000,0.07485000,sell
1775494626627,69808.85000000,0.17511000,sell
1775494626627,69808.85000000,0.20700000,sell
1775494626627,69808.85000000,0.00015000,sell
1775494626627,69808.85000000,0.00015000,sell
1775494626627,69808.85000000,0.00008000,sell
1775494626627,69808.85000000,0.00008000,sell
1775494626627,69808.85000000,0.00008000,sell
1775494626627,69808.85000000,0.00008000,sell
1775494626627,69808.85000000,0.00008000,sell
1775494626627,69808.85000000,0.00008000,sell
1775494626627,69808.85000000,0.00008000,sell
1775494626628,69808.85000000,0.00008000,sell
1775494626650,69808.84000000,0.00015000,sell
1775494626650,69808.84000000,0.00130000,sell
1775494626650,69808.84000000,0.00755000,sell
1775494626988,69808.85000000,0.00015000,buy
1775494626988,69808.85000000,0.00008000,buy
1775494626988,69808.85000000,0.00006000,buy
1775494626995,69808.85000000,0.00015000,buy
1775494626995,69808.85000000,0.00014000,buy
1775494627014,69808.85000000,0.00015000,buy
1775494627014,69808.85000000,0.00014000,buy
1775494627031,69808.85000000,0.00029000,buy
1775494627045,69808.85000000,0.00029000,buy
1775494627061,69808.85000000,0.00029000,buy
1775494627076,69808.85000000,0.00030000,buy
1775494627091,69808.85000000,0.00030000,buy
1775494627104,69808.85000000,0.00029000,buy
1775494627113,69808.84000000,0.00013000,sell
1775494627121,69808.85000000,0.00030000,buy
1775494627136,69808.85000000,0.00029000,buy
1775494627149,69808.85000000,0.00030000,buy
1775494627166,69808.85000000,0.00173000,buy
1775494627166,69808.85000000,0.00115000,buy
1775494627166,69808.85000000,0.00115000,buy
1775494627166,69808.85000000,0.00030000,buy
1775494627180,69808.85000000,0.00029000,buy
1775494627193,69808.85000000,0.00008000,buy
1775494627202,69808.85000000,0.00008000,buy
1775494627202,69808.85000000,0.00008000,buy
1775494627202,69808.85000000,0.00008000,buy
1775494627202,69808.85000000,0.00008000,buy
1775494627202,69808.85000000,0.00008000,buy
1775494627202,69808.85000000,0.00008000,buy
1775494627202,69808.85000000,0.00008000,buy
1775494627202,69808.85000000,0.00015000,buy
1775494627202,69808.85000000,0.00008000,buy
1775494627202,69808.85000000,0.00008000,buy
1775494627202,69808.85000000,0.00008000,buy
1775494627202,69808.85000000,0.00008000,buy
1775494627202,69808.85000000,0.00008000,buy
1775494627202,69808.85000000,0.00008000,buy
1775494627202,69808.85000000,0.00008000,buy
1775494627202,69808.85000000,0.00008000,buy
1775494627202,69808.85000000,0.00008000,buy
1775494627202,69808.85000000,0.00008000,buy
1775494627202,69808.85000000,0.00008000,buy
1775494627202,69808.85000000,0.00008000,buy
1775494627202,69808.85000000,0.00008000,buy
1775494627202,69808.85000000,0.00008000,buy
1775494627202,69808.85000000,0.00008000,buy
1775494627202,69808.85000000,0.00008000,buy
1775494627202,69808.85000000,0.00008000,buy
1775494627202,69808.86000000,0.00008000,buy
1775494627202,69808.86000000,0.00008000,buy
1775494627202,69808.86000000,0.00140000,buy
1775494627202,69808.86000000,0.00008000,buy
1775494627202,69808.86000000,0.00008000,buy
1775494627202,69808.86000000,0.00008000,buy
1775494627202,69808.86000000,0.00008000,buy
1775494627202,69808.86000000,0.00008000,buy
1775494627202,69808.86000000,0.00008000,buy
1775494627202,69808.86000000,0.00008000,buy
1775494627202,69808.86000000,0.00008000,buy
1775494627202,69808.86000000,0.00008000,buy
1775494627202,69809.07000000,0.00008000,buy
1775494627202,69809.34000000,0.00008000,buy
1775494627202,69809.53000000,0.00008000,buy
1775494627202,69809.53000000,0.00008000,buy
1775494627202,69809.80000000,0.00008000,buy
1775494627202,69809.80000000,0.00008000,buy
1775494627202,69809.80000000,0.00008000,buy
1775494627202,69809.80000000,0.00008000,buy
1775494627202,69810.29000000,0.00008000,buy
1775494627202,69810.29000000,0.00008000,buy
1775494627202,69810.29000000,0.00015000,buy
1775494627202,69810.29000000,0.00008000,buy
1775494627202,69810.29000000,0.00008000,buy
1775494627202,69810.29000000,0.00008000,buy
1775494627202,69810.29000000,0.00008000,buy
1775494627202,69810.29000000,0.00008000,buy
1775494627202,69810.29000000,0.00008000,buy
1775494627202,69810.29000000,0.00008000,buy
1775494627202,69810.29000000,0.00008000,buy
1775494627202,69810.90000000,0.00411000,buy
1775494627202,69811.12000000,0.00008000,buy
1775494627202,69812.37000000,0.00027000,buy
1775494627202,69812.51000000,0.00008000,buy
1775494627202,69812.54000000,0.00008000,buy
1775494627202,69812.54000000,0.00008000,buy
1775494627202,69812.68000000,0.00008000,buy
1775494627202,69814.15000000,0.00008000,buy
1775494627202,69814.16000000,0.00008000,buy
1775494627202,69814.16000000,0.00008000,buy
1775494627202,69814.28000000,0.00008000,buy
1775494627202,69814.28000000,0.00008000,buy
1775494627202,69814.28000000,0.00008000,buy
1775494627202,69814.28000000,0.00008000,buy
1775494627202,69814.29000000,0.00030000,buy
1775494627231,69814.28000000,0.00997000,sell
1775494627578,69814.28000000,0.00286000,sell
1775494628717,69814.28000000,0.00134000,sell
1775494629459,69814.29000000,0.00030000,buy
1775494629477,69814.29000000,0.00030000,buy
1775494629766,69814.29000000,0.00093000,buy
1775494630054,69814.29000000,0.00036000,buy
1775494630267,69814.29000000,0.01030000,buy
1775494630272,69814.29000000,0.00030000,buy
1775494630289,69814.29000000,0.00030000,buy
1775494630306,69814.29000000,0.00030000,buy
1775494630323,69814.29000000,0.00030000,buy
1775494630338,69814.29000000,0.00029000,buy
1775494630353,69814.29000000,0.00029000,buy
1775494630367,69814.29000000,0.00029000,buy
1775494630384,69814.29000000,0.00030000,buy
1775494630399,69814.29000000,0.00029000,buy
1775494630416,69814.29000000,0.00029000,buy
1775494630430,69814.29000000,0.00029000,buy
1775494630445,69814.29000000,0.00029000,buy
1775494630461,69814.29000000,0.00030000,buy
1775494630477,69814.29000000,0.00030000,buy
1775494630694,69814.29000000,0.01025000,buy
1775494631169,69814.29000000,0.02779000,buy
1775494631169,69814.29000000,0.02189000,buy
1775494631563,69814.28000000,0.15567000,sell
1775494631569,69814.28000000,0.00008000,sell
1775494631569,69814.28000000,0.00015000,sell
1775494631569,69814.28000000,0.00015000,sell
1775494631569,69814.28000000,0.00015000,sell
1775494631570,69814.28000000,0.00008000,sell
1775494631570,69814.28000000,0.00008000,sell
1775494631570,69814.28000000,0.00100000,sell
1775494631570,69814.28000000,0.00008000,sell
1775494631570,69814.28000000,0.00008000,sell
1775494631570,69814.28000000,0.00008000,sell
1775494631570,69814.28000000,0.00008000,sell
1775494631570,69814.28000000,0.00008000,sell
1775494631570,69814.28000000,0.00008000,sell
1775494631570,69814.28000000,0.00008000,sell
1775494631570,69814.28000000,0.00383000,sell
1775494631570,69814.28000000,0.00170000,sell
1775494631570,69814.28000000,0.00008000,sell
1775494631570,69814.28000000,0.00008000,sell
1775494631570,69814.28000000,0.02520000,sell
1775494631570,69814.28000000,0.00008000,sell
1775494631570,69814.28000000,0.00008000,sell
1775494631570,69814.28000000,0.00008000,sell
1775494631570,69814.28000000,0.17511000,sell
1775494631570,69814.28000000,0.00008000,sell
1775494631570,69814.28000000,0.00321000,sell
1775494631570,69814.28000000,0.00146000,sell
1775494631570,69814.28000000,0.01000000,sell
1775494631570,69814.28000000,0.00008000,sell
1775494631570,69814.28000000,0.30920000,sell
1775494631570,69814.28000000,0.20700000,sell
1775494631570,69814.28000000,0.00575000,sell
1775494631570,69814.28000000,0.71526000,sell
1775494631570,69814.28000000,0.18348000,sell
1775494631570,69814.28000000,0.00487000,sell
1775494631570,69814.28000000,0.00008000,sell
1775494631570,69814.28000000,0.00070000,sell
1775494631570,69814.28000000,0.00048000,sell
1775494631570,69814.28000000,0.00008000,sell
1775494631570,69814.28000000,0.00008000,sell
1775494631570,69814.28000000,0.00008000,sell
1775494631570,69814.28000000,0.00008000,sell
1775494631570,69814.28000000,0.00008000,sell
1775494631570,69814.28000000,0.00008000,sell
1775494631570,69814.28000000,0.00008000,sell
1775494631570,69814.28000000,0.00008000,sell
1775494631570,69814.28000000,0.00008000,sell
1775494631570,69814.28000000,0.00008000,sell
1775494631570,69814.28000000,0.00008000,sell
1775494631570,69814.28000000,0.00008000,sell
1775494631570,69814.28000000,0.00008000,sell
1775494631570,69814.28000000,0.00008000,sell
1775494631570,69814.28000000,0.00008000,sell
1775494631570,69814.28000000,0.00008000,sell
1775494631570,69814.28000000,0.00008000,sell
1775494631570,69814.28000000,0.00008000,sell
1775494631570,69814.28000000,0.00008000,sell
1775494631570,69814.28000000,0.00008000,sell
1775494631871,69814.28000000,0.00143000,buy
1775494631902,69814.27000000,0.00008000,sell
1775494631902,69814.27000000,0.00154000,sell
1775494632045,69814.28000000,0.00014000,buy
1775494632082,69814.27000000,0.00014000,sell
1775494632571,69814.27000000,0.00008000,sell
1775494632584,69814.27000000,0.00008000,sell
1775494632584,69814.27000000,0.00008000,sell
1775494632584,69814.27000000,0.00008000,sell
1775494632584,69814.27000000,0.00008000,sell
1775494632584,69814.27000000,0.00008000,sell
1775494632584,69814.27000000,0.00015000,sell
1775494632584,69814.27000000,0.00015000,sell
1775494632584,69814.27000000,0.00048000,sell
1775494632584,69814.27000000,0.00070000,sell
1775494632584,69814.27000000,0.00008000,sell
1775494632584,69814.27000000,0.00064000,sell
1775494632584,69814.27000000,0.00008000,sell
1775494632584,69814.27000000,0.00008000,sell
1775494632584,69814.27000000,0.00008000,sell
1775494632584,69814.27000000,0.00008000,sell
1775494632584,69814.27000000,0.00008000,sell
1775494632584,69814.27000000,0.00008000,sell
1775494632584,69814.27000000,0.00008000,sell
1775494632584,69814.26000000,0.00008000,sell
1775494632584,69813.73000000,0.00008000,sell
1775494632584,69813.72000000,0.00008000,sell
1775494632584,69813.72000000,0.00008000,sell
1775494632584,69813.72000000,0.00008000,sell
1775494632584,69813.72000000,0.00008000,sell
1775494632584,69812.68000000,0.00008000,sell
1775494632584,69812.65000000,0.00008000,sell
1775494632584,69812.65000000,0.00008000,sell
1775494632584,69811.47000000,0.00144000,sell
1775494632584,69811.47000000,0.00008000,sell
1775494632584,69811.47000000,0.00008000,sell
1775494632584,69811.43000000,0.00008000,sell
1775494632584,69811.42000000,0.00008000,sell
1775494632584,69811.41000000,0.00008000,sell
1775494632584,69811.41000000,0.00008000,sell
1775494632584,69811.41000000,0.00008000,sell
1775494632584,69811.41000000,0.00049000,sell
1775494632584,69811.41000000,0.00008000,sell
1775494632584,69811.40000000,0.00008000,sell
1775494632584,69811.40000000,0.00008000,sell
1775494632584,69811.40000000,0.00008000,sell
1775494632584,69811.40000000,0.00005000,sell
1775494632911,69811.40000000,0.00015000,sell
1775494632911,69811.40000000,0.00007000,sell
1775494633268,69811.40000000,0.00001000,sell
1775494633268,69811.40000000,0.00008000,sell
1775494633288,69811.40000000,0.00008000,sell
1775494633288,69811.40000000,0.00008000,sell
1775494633288,69811.40000000,0.09737000,sell
1775494633288,69811.40000000,0.01011000,sell
1775494633288,69811.40000000,0.00008000,sell
1775494633288,69811.40000000,0.11888000,sell
1775494633288,69811.40000000,0.10238000,sell
1775494633288,69811.40000000,0.00008000,sell
1775494633288,69811.40000000,0.00008000,sell
1775494633288,69811.40000000,0.00070000,sell
1775494633294,69811.40000000,0.00048000,sell
1775494633294,69811.40000000,0.00008000,sell
1775494633294,69811.40000000,0.00170000,sell
1775494633294,69811.40000000,0.10485000,sell
1775494633294,69811.40000000,0.00008000,sell
1775494633294,69811.40000000,0.00015000,sell
1775494633294,69811.40000000,0.00008000,sell
1775494633294,69811.40000000,0.20700000,sell
1775494633294,69811.40000000,0.00015000,sell
1775494633294,69811.40000000,0.00008000,sell
1775494633294,69811.40000000,0.00008000,sell
1775494633294,69811.40000000,0.00008000,sell
1775494633294,69811.40000000,0.00008000,sell
1775494633294,69811.40000000,0.00008000,sell
1775494633294,69811.40000000,0.00008000,sell
1775494633294,69811.40000000,0.00008000,sell
1775494633294,69811.40000000,0.00008000,sell
1775494633294,69811.40000000,0.00008000,sell
1775494633294,69811.40000000,0.00008000,sell
1775494633294,69811.39000000,0.00008000,sell
1775494633294,69811.13000000,0.00048000,sell
1775494633294,69810.47000000,0.00008000,sell
1775494633784,69810.00000000,0.00021000,sell
1775494633784,69810.00000000,0.00008000,sell
1775494633784,69810.00000000,0.00008000,sell
1775494633784,69810.00000000,0.00008000,sell
1775494633784,69810.00000000,0.00008000,sell
1775494633784,69810.00000000,0.00008000,sell
1775494633784,69810.00000000,0.00008000,sell
1775494633784,69810.00000000,0.00008000,sell
1775494633784,69810.00000000,0.00008000,sell
1775494633784,69810.00000000,0.00008000,sell
1775494633784,69810.00000000,0.08501000,sell
1775494634138,69810.00000000,0.00008000,sell
1775494634138,69810.00000000,0.00015000,sell
1775494634138,69810.00000000,0.00008000,sell
1775494634138,69810.00000000,0.00015000,sell
1775494634138,69810.00000000,0.00008000,sell
1775494634138,69810.00000000,0.00015000,sell
1775494634138,69810.00000000,0.00015000,sell
1775494634138,69810.00000000,0.00008000,sell
1775494634138,69810.00000000,0.00008000,sell
1775494634138,69810.00000000,0.00008000,sell
1775494634138,69810.00000000,0.00008000,sell
1775494634138,69810.00000000,0.00008000,sell
1775494634138,69810.00000000,0.00008000,sell
1775494634138,69810.00000000,0.00008000,sell
1775494634138,69810.00000000,0.00008000,sell
1775494634138,69810.00000000,0.00008000,sell
1775494634138,69810.00000000,0.00008000,sell
1775494634138,69810.00000000,0.00008000,sell
1775494634138,69810.00000000,0.00008000,sell
1775494634138,69810.00000000,0.00008000,sell
1775494634138,69810.00000000,0.00008000,sell
1775494634138,69810.00000000,0.00008000,sell
1775494634138,69810.00000000,0.00008000,sell
1775494634138,69810.00000000,0.00008000,sell
1775494634138,69810.00000000,0.00008000,sell
1775494634138,69810.00000000,0.00008000,sell
1775494634138,69809.99000000,0.00008000,sell
1775494634138,69809.99000000,0.00008000,sell
1775494634138,69809.35000000,0.00027000,sell
1775494634138,69809.35000000,0.00008000,sell
1775494634138,69809.34000000,0.00008000,sell
1775494634138,69809.33000000,0.00008000,sell
1775494634138,69809.33000000,0.00008000,sell
1775494634138,69808.86000000,0.00008000,sell
1775494634138,69808.85000000,0.00008000,sell
1775494634138,69808.85000000,0.00008000,sell
1775494634138,69808.85000000,0.00008000,sell
1775494634138,69808.85000000,0.00008000,sell
1775494634141,69808.84000000,0.00008000,sell
1775494634141,69808.84000000,0.00015000,sell
1775494634141,69808.84000000,0.00007000,sell
1775494634404,69808.84000000,0.00001000,sell
1775494634404,69808.84000000,0.00008000,sell
1775494634404,69808.84000000,0.00003000,sell
1775494634518,69808.84000000,0.00005000,sell
1775494634518,69808.84000000,0.00008000,sell
1775494634518,69808.84000000,0.00008000,sell
1775494634518,69808.84000000,0.00008000,sell
1775494634518,69808.84000000,0.00015000,sell
1775494634518,69808.84000000,0.00008000,sell
1775494634519,69808.84000000,0.00008000,sell
1775494634519,69808.84000000,0.10819000,sell
1775494634519,69808.84000000,0.00008000,sell
1775494634519,69808.84000000,0.00008000,sell
1775494634519,69808.84000000,0.00008000,sell
1775494634519,69808.84000000,0.00008000,sell
1775494634519,69808.84000000,0.00008000,sell
1775494634519,69808.84000000,0.00015000,sell
1775494634519,69808.84000000,0.00008000,sell
1775494634519,69808.84000000,0.00008000,sell
1775494634519,69808.84000000,0.00008000,sell
1775494634519,69808.84000000,0.00008000,sell
1775494634519,69808.84000000,0.00008000,sell
1775494634519,69808.84000000,0.00008000,sell
1775494634519,69808.84000000,0.00015000,sell
1775494634519,69808.84000000,0.00015000,sell
1775494634519,69808.84000000,0.00008000,sell
1775494634519,69808.84000000,0.00008000,sell
1775494634519,69808.84000000,0.00008000,sell
1775494634519,69808.84000000,0.00008000,sell
1775494634519,69808.84000000,0.00008000,sell
1775494634519,69808.84000000,0.10145000,sell
1775494634602,69808.84000000,0.00008000,sell
1775494634602,69808.84000000,0.00008000,sell
1775494634602,69808.84000000,0.00008000,sell
1775494634602,69808.84000000,0.00008000,sell
1775494634602,69808.84000000,0.00008000,sell
1775494634602,69808.84000000,0.00008000,sell
1775494634602,69808.84000000,0.00008000,sell
1775494634602,69808.84000000,0.00008000,sell
1775494634602,69808.84000000,0.00008000,sell
1775494634602,69808.84000000,0.00008000,sell
1775494634602,69808.84000000,0.00015000,sell
1775494634602,69808.84000000,0.00008000,sell
1775494634602,69808.84000000,0.00008000,sell
1775494634602,69808.84000000,0.00008000,sell
1775494634602,69808.84000000,0.00008000,sell
1775494634602,69808.84000000,0.00008000,sell
1775494634602,69808.84000000,0.00008000,sell
1775494634602,69808.84000000,0.00008000,sell
1775494634602,69808.84000000,0.00008000,sell
1775494634602,69808.84000000,0.00008000,sell
1775494634602,69808.84000000,0.00008000,sell
1775494634602,69808.84000000,0.00015000,sell
1775494634602,69808.84000000,0.00008000,sell
1775494634603,69808.84000000,0.00015000,sell
1775494634603,69808.84000000,0.00008000,sell
1775494634603,69808.84000000,0.00008000,sell
1775494634603,69808.84000000,0.00008000,sell
1775494634603,69808.84000000,0.00008000,sell
1775494634603,69808.84000000,0.00008000,sell
1775494634603,69808.84000000,0.00008000,sell
1775494634603,69808.84000000,0.00008000,sell
1775494634603,69808.84000000,0.00008000,sell
1775494634603,69808.83000000,0.00008000,sell
1775494634603,69808.83000000,0.00008000,sell
1775494634603,69808.83000000,0.00008000,sell
1775494634603,69808.83000000,0.00008000,sell
1775494634603,69808.83000000,0.00008000,sell
1775494634603,69808.83000000,0.00008000,sell
1775494634603,69808.83000000,0.00008000,sell
1775494634603,69808.82000000,0.00065000,sell
1775494634603,69808.43000000,0.00013000,sell
1775494634603,69808.43000000,0.00008000,sell
1775494634603,69808.43000000,0.00008000,sell
1775494634603,69808.43000000,0.00008000,sell
1775494634603,69808.43000000,0.00008000,sell
1775494634603,69808.24000000,0.00021000,sell
1775494634603,69808.00000000,0.00040000,sell
1775494634603,69808.00000000,0.00040000,sell
1775494634603,69808.00000000,0.00040000,sell
1775494634603,69807.91000000,0.00008000,sell
1775494634603,69807.91000000,0.00008000,sell
1775494634603,69807.85000000,0.00008000,sell
1775494634603,69807.69000000,0.00010000,sell
1775494634603,69807.50000000,0.00017000,sell
1775494634603,69807.23000000,0.00008000,sell
1775494634603,69807.23000000,0.00057000,sell
1775494634603,69807.15000000,0.00008000,sell
1775494634603,69807.07000000,0.00024000,sell
1775494634603,69806.95000000,0.00008000,sell
1775494634603,69806.95000000,0.00097000,sell
1775494634603,69806.89000000,0.00018000,sell
1775494634603,69806.83000000,0.00009000,sell
1775494634603,69806.80000000,0.00065000,sell
1775494634603,69806.22000000,0.00023000,sell
1775494634603,69806.12000000,0.00008000,sell
1775494634603,69806.00000000,0.00008000,sell
1775494634603,69806.00000000,0.00040000,sell
1775494634603,69806.00000000,0.00040000,sell
1775494634603,69806.00000000,0.00040000,sell
1775494634603,69805.78000000,0.00008000,sell
1775494634603,69805.78000000,0.00008000,sell
1775494634603,69805.46000000,0.00008000,sell
1775494634603,69805.16000000,0.00016000,sell
1775494634603,69805.15000000,0.00042000,sell
1775494634603,69804.87000000,0.00008000,sell
1775494634603,69804.87000000,0.00008000,sell
1775494634603,69804.87000000,0.00008000,sell
1775494634640,69804.86000000,0.00008000,sell
1775494634640,69804.86000000,0.00298000,sell
1775494634761,69804.86000000,0.00015000,sell
1775494634761,69804.86000000,0.00008000,sell
1775494634761,69804.86000000,0.00008000,sell
1775494634761,69804.86000000,0.00008000,sell
1775494634761,69804.86000000,0.00008000,sell
1775494634761,69804.86000000,0.00008000,sell
1775494634761,69804.86000000,0.00009000,sell
1775494634761,69804.86000000,0.00008000,sell
1775494634761,69804.86000000,0.00008000,sell
1775494634761,69804.86000000,0.00008000,sell
1775494634761,69804.86000000,0.00015000,sell
1775494634761,69804.86000000,0.00008000,sell
1775494634761,69804.86000000,0.00008000,sell
1775494634761,69804.86000000,0.00008000,sell
1775494634761,69804.86000000,0.00008000,sell
1775494634761,69804.86000000,0.00008000,sell
1775494634761,69804.86000000,0.00008000,sell
1775494634761,69804.86000000,0.00008000,sell
1775494634761,69804.86000000,0.00015000,sell
1775494634761,69804.86000000,0.00015000,sell
1775494634761,69804.86000000,0.00008000,sell
1775494634761,69804.86000000,0.00008000,sell
1775494634761,69804.86000000,0.00008000,sell
1775494634761,69804.86000000,0.00008000,sell
1775494634761,69804.86000000,0.00008000,sell
1775494634761,69804.86000000,0.00008000,sell
1775494634761,69804.86000000,0.00008000,sell
1775494634761,69804.86000000,0.00008000,sell
1775494634761,69804.85000000,0.00008000,sell
1775494634761,69804.85000000,0.00008000,sell
1775494634761,69804.85000000,0.00008000,sell
1775494634761,69804.85000000,0.00008000,sell
1775494634761,69804.85000000,0.00008000,sell
1775494634761,69804.85000000,0.00008000,sell
1775494634761,69804.48000000,0.00008000,sell
1775494634761,69804.45000000,0.00008000,sell
1775494634761,69804.30000000,0.00008000,sell
1775494634761,69804.29000000,0.00015000,sell
1775494634761,69804.21000000,0.00300000,sell
1775494634761,69804.00000000,0.00040000,sell
1775494634761,69804.00000000,0.00040000,sell
1775494634761,69804.00000000,0.00040000,sell
1775494634761,69803.38000000,0.00109000,sell
1775494634761,69803.20000000,0.00045000,sell
1775494634761,69803.20000000,0.00013000,sell
1775494634761,69802.96000000,0.00028000,sell
1775494634761,69802.74000000,0.00024000,sell
1775494634761,69802.74000000,0.00143000,sell
1775494634761,69802.74000000,0.00035000,sell
1775494634761,69802.73000000,0.00010000,sell
1775494634761,69802.66000000,0.00008000,sell
1775494634761,69802.32000000,0.00115000,sell
1775494634761,69802.09000000,0.00239000,sell
1775494634761,69802.09000000,0.00230000,sell
1775494635095,69802.10000000,0.00028000,buy
1775494635200,69802.10000000,0.00029000,buy
1775494635224,69802.10000000,0.00030000,buy
1775494635266,69802.10000000,0.00030000,buy
1775494635280,69802.10000000,0.00013000,buy
1775494635529,69802.10000000,0.00030000,buy
1775494635580,69802.09000000,0.01023000,sell
1775494635615,69802.10000000,0.00015000,buy
1775494635805,69802.09000000,0.00404000,sell
1775494636045,69802.10000000,0.00029000,buy
1775494636053,69802.10000000,0.00060000,buy
1775494636067,69802.10000000,0.00029000,buy
1775494636085,69802.10000000,0.00029000,buy
1775494636099,69802.10000000,0.00029000,buy
1775494636115,69802.10000000,0.00029000,buy
1775494636115,69802.09000000,0.03652000,sell
1775494636115,69802.09000000,0.00008000,sell
1775494636115,69802.09000000,0.00008000,sell
1775494636115,69802.09000000,0.00008000,sell
1775494636115,69802.09000000,0.00008000,sell
1775494636115,69802.09000000,0.00008000,sell
1775494636115,69802.09000000,0.00015000,sell
1775494636115,69802.09000000,0.01031000,sell
1775494636130,69802.10000000,0.00030000,buy
1775494636147,69802.10000000,0.00030000,buy
1775494636164,69802.10000000,0.00029000,buy
1775494636178,69802.10000000,0.00029000,buy
1775494636195,69802.10000000,0.00029000,buy
1775494636212,69802.10000000,0.00029000,buy
1775494636229,69802.10000000,0.00030000,buy
1775494636244,69802.10000000,0.00029000,buy
1775494636260,69802.10000000,0.00030000,buy
1775494636277,69802.10000000,0.00029000,buy
1775494636293,69802.10000000,0.00030000,buy
1775494636310,69802.10000000,0.00030000,buy
1775494636324,69802.10000000,0.00029000,buy
1775494636343,69802.10000000,0.00029000,buy
1775494636358,69802.10000000,0.00029000,buy
1775494636705,69802.10000000,0.15585000,buy
1775494636705,69802.10000000,0.19983000,buy
1775494636705,69802.10000000,0.11100000,buy
1775494636705,69802.10000000,0.00015000,buy
1775494636706,69802.10000000,0.23359000,buy
1775494636706,69802.10000000,0.07399000,buy
1775494636706,69802.10000000,0.10026000,buy
1775494636706,69802.10000000,0.00287000,buy
1775494636706,69802.10000000,0.00008000,buy
1775494636706,69802.10000000,0.15680000,buy
1775494636706,69802.10000000,0.78952000,buy
1775494636706,69802.10000000,0.07343000,buy
1775494636708,69802.10000000,0.00037000,buy
1775494636708,69802.10000000,0.00015000,buy
1775494636708,69802.10000000,0.00015000,buy
1775494636708,69802.10000000,0.00015000,buy
1775494636708,69802.10000000,0.00008000,buy
1775494636708,69802.10000000,0.00713000,buy
1775494636708,69802.10000000,0.00048000,buy
1775494636708,69802.10000000,0.00070000,buy
1775494636708,69802.10000000,0.00012000,buy
1775494636708,69802.10000000,0.00008000,buy
1775494636708,69802.10000000,0.00140000,buy
1775494636708,69802.10000000,0.00008000,buy
1775494636708,69802.10000000,0.00794000,buy
1775494636708,69802.10000000,0.00008000,buy
1775494636708,69802.10000000,0.00008000,buy
1775494636708,69802.10000000,0.00008000,buy
1775494636708,69802.10000000,0.00008000,buy
1775494636708,69802.10000000,0.00008000,buy
1775494636708,69802.10000000,0.00008000,buy
1775494636708,69802.10000000,0.00008000,buy
1775494636708,69802.10000000,0.00008000,buy
1775494636708,69802.10000000,0.00008000,buy
1775494636708,69802.10000000,0.00008000,buy
1775494636709,69802.10000000,0.00008000,buy
1775494636709,69802.10000000,0.00008000,buy
1775494636709,69802.10000000,0.00008000,buy
1775494636709,69802.10000000,0.00008000,buy
1775494636709,69802.10000000,0.00008000,buy
1775494636709,69802.10000000,0.00008000,buy
1775494636709,69802.10000000,0.00008000,buy
1775494636709,69802.10000000,0.00008000,buy
1775494636709,69802.10000000,0.00008000,buy
1775494636709,69802.10000000,0.00008000,buy
1775494636709,69802.10000000,0.00008000,buy
1775494636709,69802.10000000,0.00008000,buy
1775494636709,69802.10000000,0.00008000,buy
1775494636709,69802.10000000,0.00008000,buy
1775494636709,69802.11000000,0.00008000,buy
1775494636709,69802.11000000,0.00088000,buy
1775494636709,69802.66000000,0.00008000,buy
1775494636709,69802.66000000,0.00008000,buy
1775494636709,69802.66000000,0.00015000,buy
1775494636709,69802.66000000,0.00008000,buy
1775494636709,69802.66000000,0.00008000,buy
1775494636709,69802.66000000,0.00008000,buy
1775494636709,69802.66000000,0.01377000,buy
1775494636709,69802.66000000,0.01424000,buy
1775494636710,69802.66000000,0.01592000,buy
1775494636713,69802.66000000,0.00008000,buy
1775494636713,69802.66000000,0.00008000,buy
1775494636713,69802.66000000,0.00008000,buy
1775494636713,69802.66000000,0.00006000,buy
1775494636714,69802.66000000,0.00002000,buy
1775494636714,69802.66000000,0.00008000,buy
1775494636714,69802.66000000,0.00008000,buy
1775494636714,69802.66000000,0.00008000,buy
1775494636714,69802.66000000,0.00008000,buy
1775494636714,69802.66000000,0.00008000,buy
1775494636714,69802.66000000,0.00008000,buy
1775494636714,69802.66000000,0.00015000,buy
1775494636714,69802.67000000,0.00008000,buy
1775494636714,69802.80000000,0.00008000,buy
1775494636714,69804.86000000,0.00008000,buy
1775494636715,69804.86000000,0.00008000,buy
1775494636715,69804.86000000,0.00008000,buy
1775494636715,69804.86000000,0.00008000,buy
1775494636722,69804.87000000,0.00059000,buy
1775494636729,69804.87000000,0.00030000,buy
1775494636746,69804.87000000,0.00008000,buy
1775494636746,69804.87000000,0.00015000,buy
1775494636746,69804.87000000,0.00007000,buy
1775494636762,69804.87000000,0.00001000,buy
1775494636762,69804.87000000,0.00008000,buy
1775494636762,69804.87000000,0.00015000,buy
1775494636762,69804.87000000,0.00006000,buy
1775494636774,69804.87000000,0.00002000,buy
1775494636774,69804.87000000,0.00008000,buy
1775494636774,69804.87000000,0.00008000,buy
1775494636774,69804.87000000,0.00008000,buy
1775494636774,69804.87000000,0.00008000,buy
1775494636774,69804.87000000,0.00008000,buy
1775494636774,69804.87000000,0.00008000,buy
1775494636774,69804.87000000,0.00008000,buy
1775494636774,69804.87000000,0.00008000,buy
1775494636774,69804.87000000,0.00008000,buy
1775494636774,69804.87000000,0.00008000,buy
1775494636774,69804.87000000,0.00008000,buy
1775494636774,69804.87000000,0.00008000,buy
1775494636774,69804.87000000,0.00015000,buy
1775494636774,69804.87000000,0.00008000,buy
1775494636774,69804.87000000,0.00008000,buy
1775494636774,69804.87000000,0.00008000,buy
1775494636774,69804.87000000,0.00008000,buy
1775494636774,69804.88000000,0.00008000,buy
1775494636774,69805.16000000,0.00008000,buy
1775494636774,69805.16000000,0.00076000,buy
1775494636774,69805.16000000,0.00008000,buy
1775494636774,69805.99000000,0.00024000,buy
1775494636774,69805.99000000,0.00134000,buy
1775494636774,69806.00000000,0.00008000,buy
1775494636774,69806.96000000,0.00008000,buy
1775494636774,69806.96000000,0.00008000,buy
1775494636774,69806.96000000,0.00008000,buy
1775494636774,69806.96000000,0.00008000,buy
1775494636774,69806.96000000,0.00008000,buy
1775494636774,69807.22000000,0.00008000,buy
1775494636774,69807.34000000,0.00008000,buy
1775494636774,69807.35000000,0.00008000,buy
1775494636774,69807.35000000,0.00008000,buy
1775494636774,69807.49000000,0.00008000,buy
1775494636774,69807.49000000,0.00008000,buy
1775494636774,69808.33000000,0.00008000,buy
1775494636774,69808.82000000,0.00008000,buy
1775494636774,69808.83000000,0.00008000,buy
1775494636774,69808.84000000,0.00008000,buy
1775494636774,69808.85000000,0.00015000,buy
1775494636774,69808.85000000,0.00008000,buy
1775494636774,69808.85000000,0.00008000,buy
1775494636774,69808.85000000,0.00008000,buy
1775494636774,69808.85000000,0.00008000,buy
1775494636774,69808.85000000,0.00008000,buy
1775494636774,69808.85000000,0.00008000,buy
1775494636774,69808.85000000,0.00008000,buy
1775494636774,69808.85000000,0.00008000,buy
1775494636774,69808.85000000,0.00008000,buy
1775494636774,69808.85000000,0.00008000,buy
1775494636774,69808.85000000,0.00008000,buy
1775494636774,69808.85000000,0.00008000,buy
1775494636774,69809.09000000,0.00008000,buy
1775494636774,69809.09000000,0.00008000,buy
1775494636774,69809.31000000,0.00115000,buy
1775494636774,69809.34000000,0.00008000,buy
1775494636774,69809.82000000,0.00008000,buy
1775494636774,69810.01000000,0.00008000,buy
1775494636774,69810.01000000,0.00008000,buy
1775494636774,69810.01000000,0.00008000,buy
1775494636774,69810.01000000,0.00008000,buy
1775494636774,69810.01000000,0.00008000,buy
1775494636774,69810.10000000,0.00011000,buy
1775494636774,69810.27000000,0.00008000,buy
1775494636774,69810.27000000,0.00008000,buy
1775494636774,69810.27000000,0.00008000,buy
1775494636774,69810.27000000,0.02829000,buy
1775494636774,69810.27000000,0.00008000,buy
1775494636776,69810.28000000,0.00030000,buy
1775494636793,69810.28000000,0.00029000,buy
1775494636809,69810.28000000,0.00030000,buy
1775494636825,69810.28000000,0.00029000,buy
1775494636842,69810.28000000,0.00029000,buy
1775494636859,69810.28000000,0.00030000,buy
1775494636873,69810.28000000,0.00029000,buy
1775494636889,69810.28000000,0.00029000,buy
1775494636903,69810.28000000,0.00030000,buy
1775494636918,69810.28000000,0.00029000,buy
1775494636934,69810.28000000,0.00030000,buy
1775494636949,69810.28000000,0.00029000,buy
1775494636964,69810.28000000,0.00030000,buy
1775494636979,69810.28000000,0.00029000,buy
1775494636997,69810.28000000,0.00030000,buy
1775494637013,69810.28000000,0.00030000,buy
1775494637026,69810.28000000,0.00029000,buy
1775494637043,69810.28000000,0.00029000,buy
1775494637072,69810.28000000,0.00014000,buy
1775494637162,69810.28000000,0.00029000,buy
1775494637210,69810.28000000,0.00013000,buy
1775494637322,69810.27000000,0.05002000,sell
1775494637474,69810.28000000,0.00354000,buy
1775494637693,69810.28000000,0.00029000,buy
1775494637733,69810.28000000,0.00065000,buy
1775494638080,69810.27000000,0.00712000,sell
1775494638276,69810.27000000,0.00141000,sell
1775494638276,69810.27000000,0.08053000,sell
1775494638276,69810.27000000,0.03575000,sell
1775494638418,69810.28000000,0.00030000,buy
1775494638434,69810.28000000,0.00029000,buy
1775494638461,69810.28000000,0.00030000,buy
1775494638475,69810.28000000,0.00030000,buy
1775494638479,69810.27000000,0.00549000,sell
1775494638493,69810.28000000,0.00030000,buy
1775494638508,69810.28000000,0.00029000,buy
1775494638524,69810.28000000,0.00030000,buy
1775494638538,69810.28000000,0.00030000,buy
1775494638556,69810.28000000,0.00030000,buy
1775494638571,69810.28000000,0.00030000,buy
1775494638587,69810.28000000,0.00030000,buy
1775494638607,69810.28000000,0.00029000,buy
1775494638620,69810.27000000,0.00015000,sell
1775494638623,69810.28000000,0.00029000,buy
1775494638639,69810.28000000,0.00030000,buy
1775494638663,69810.28000000,0.00030000,buy
1775494638679,69810.28000000,0.00030000,buy
1775494638693,69810.28000000,0.00030000,buy
1775494638711,69810.28000000,0.00029000,buy
1775494638726,69810.28000000,0.00030000,buy
1775494638742,69810.28000000,0.00029000,buy
1775494638760,69810.28000000,0.00030000,buy
1775494638774,69810.28000000,0.00029000,buy
1775494638791,69810.28000000,0.00030000,buy
1775494638807,69810.28000000,0.00030000,buy
1775494638820,69810.27000000,0.00057000,sell
1775494638824,69810.28000000,0.00029000,buy
1775494638841,69810.28000000,0.00029000,buy
1775494638858,69810.28000000,0.00030000,buy
1775494638873,69810.28000000,0.00030000,buy
1775494638882,69810.27000000,0.00202000,sell
1775494638888,69810.28000000,0.00030000,buy
1775494638904,69810.28000000,0.00030000,buy
1775494638920,69810.28000000,0.00029000,buy
1775494638937,69810.28000000,0.00030000,buy
1775494638949,69810.28000000,0.00029000,buy
1775494638967,69810.28000000,0.00029000,buy
1775494638981,69810.28000000,0.00030000,buy
1775494638996,69810.28000000,0.00029000,buy
1775494639014,69810.28000000,0.00030000,buy
1775494639029,69810.28000000,0.00029000,buy
1775494639043,69810.28000000,0.00029000,buy
1775494639059,69810.28000000,0.00030000,buy
1775494639075,69810.28000000,0.00029000,buy
1775494639093,69810.28000000,0.00029000,buy
1775494639104,69810.28000000,0.00029000,buy
1775494639121,69810.28000000,0.00029000,buy
1775494639134,69810.28000000,0.00030000,buy
1775494639151,69810.28000000,0.00029000,buy
1775494639166,69810.28000000,0.00029000,buy
1775494639168,69810.28000000,0.00010000,buy
1775494639184,69810.28000000,0.00029000,buy
1775494639199,69810.28000000,0.00030000,buy
1775494639217,69810.28000000,0.00030000,buy
1775494639232,69810.28000000,0.00030000,buy
1775494639248,69810.28000000,0.00030000,buy
1775494639264,69810.28000000,0.00029000,buy
1775494639282,69810.28000000,0.00029000,buy
1775494639297,69810.28000000,0.06805000,buy
1775494639297,69810.28000000,0.05283000,buy
1775494639297,69810.28000000,0.00008000,buy
1775494639297,69810.28000000,0.00008000,buy
1775494639297,69810.28000000,0.00008000,buy
1775494639297,69810.28000000,0.00008000,buy
1775494639297,69810.28000000,0.00008000,buy
1775494639297,69810.28000000,0.00008000,buy
1775494639297,69810.28000000,0.00015000,buy
1775494639297,69810.28000000,0.00008000,buy
1775494639297,69810.28000000,0.00015000,buy
1775494639297,69810.28000000,0.00015000,buy
1775494639297,69810.28000000,0.00008000,buy
1775494639297,69810.28000000,0.00028000,buy
1775494639297,69810.28000000,0.00015000,buy
1775494639297,69810.28000000,0.00015000,buy
1775494639297,69810.28000000,0.00015000,buy
1775494639297,69810.28000000,0.00008000,buy
1775494639297,69810.28000000,0.00008000,buy
1775494639297,69810.28000000,0.00140000,buy
1775494639297,69810.28000000,0.00008000,buy
1775494639297,69810.28000000,0.00008000,buy
1775494639297,69810.28000000,0.00008000,buy
1775494639297,69810.28000000,0.00008000,buy
1775494639297,69810.28000000,0.00008000,buy
1775494639297,69810.28000000,0.00008000,buy
1775494639297,69810.28000000,0.00008000,buy
1775494639299,69810.28000000,0.00008000,buy
1775494639299,69810.28000000,0.00008000,buy
1775494639299,69810.28000000,0.00008000,buy
1775494639299,69810.28000000,0.00008000,buy
1775494639299,69810.28000000,0.00008000,buy
1775494639299,69810.29000000,0.00008000,buy
1775494639299,69810.29000000,0.00008000,buy
1775494639299,69810.29000000,0.00008000,buy
1775494639299,69810.29000000,0.00008000,buy
1775494639299,69812.00000000,0.00080000,buy
1775494639299,69812.00000000,0.00120000,buy
1775494639299,69812.00000000,0.00040000,buy
1775494639299,69812.49000000,0.00008000,buy
1775494639299,69812.51000000,0.00008000,buy
1775494639299,69812.67000000,0.00008000,buy
1775494639299,69812.68000000,0.00008000,buy
1775494639299,69812.72000000,0.00187000,buy
1775494639299,69814.00000000,0.00040000,buy
1775494639299,69814.00000000,0.00040000,buy
1775494639299,69814.00000000,0.00040000,buy
1775494639299,69814.18000000,0.00008000,buy
1775494639299,69814.19000000,0.00008000,buy
1775494639299,69814.19000000,0.00008000,buy
1775494639299,69814.19000000,0.00013000,buy
1775494639314,69814.19000000,0.00029000,buy
1775494639332,69814.19000000,0.00030000,buy
1775494639349,69814.19000000,0.00029000,buy
1775494639367,69814.19000000,0.00030000,buy
1775494639384,69814.19000000,0.00029000,buy
1775494639397,69814.19000000,0.00030000,buy
1775494639412,69814.19000000,0.00029000,buy
1775494639427,69814.19000000,0.00029000,buy
1775494639458,69814.19000000,0.00030000,buy
1775494639471,69814.19000000,0.00030000,buy
1775494639486,69814.19000000,0.00029000,buy
1775494639503,69814.19000000,0.00029000,buy
1775494639517,69814.19000000,0.00029000,buy
1775494639531,69814.19000000,0.00030000,buy
1775494639546,69814.19000000,0.00030000,buy
1775494639559,69814.19000000,0.00029000,buy
1775494639576,69814.19000000,0.00029000,buy
1775494639592,69814.19000000,0.00029000,buy
1775494639620,69814.18000000,0.00029000,sell
1775494640199,69814.18000000,0.00058000,sell
1775494640290,69814.18000000,0.00014000,sell
1775494641029,69814.18000000,0.00379000,sell
1775494641251,69814.19000000,0.00028000,buy
1775494641267,69814.19000000,0.00029000,buy
1775494641286,69814.19000000,0.00030000,buy
1775494641522,69814.19000000,0.00417000,buy
1775494642299,69814.18000000,0.00010000,sell
1775494642965,69814.19000000,0.00009000,buy
1775494642966,69814.18000000,0.00010000,sell
1775494643122,69814.19000000,0.00029000,buy
1775494643135,69814.19000000,0.00030000,buy
1775494643152,69814.19000000,0.00008000,buy
1775494643152,69814.19000000,0.00015000,buy
1775494643152,69814.19000000,0.00007000,buy
1775494643162,69814.19000000,0.00008000,buy
1775494643162,69814.19000000,0.00015000,buy
1775494643162,69814.19000000,0.00008000,buy
1775494643162,69814.19000000,0.00015000,buy
1775494643162,69814.19000000,0.00015000,buy
1775494643162,69814.19000000,0.00015000,buy
1775494643162,69814.19000000,0.00015000,buy
1775494643162,69814.19000000,0.00015000,buy
1775494643162,69814.19000000,0.00015000,buy
1775494643162,69814.19000000,0.00008000,buy
1775494643162,69814.19000000,0.00015000,buy
1775494643162,69814.19000000,0.00008000,buy
1775494643162,69814.19000000,0.00140000,buy
1775494643162,69814.19000000,0.00008000,buy
1775494643162,69814.19000000,0.00008000,buy
1775494643162,69814.19000000,0.00008000,buy
1775494643162,69814.19000000,0.00008000,buy
1775494643162,69814.19000000,0.00008000,buy
1775494643162,69814.19000000,0.00008000,buy
1775494643162,69814.19000000,0.00008000,buy
1775494643162,69814.19000000,0.00008000,buy
1775494643162,69814.19000000,0.00008000,buy
1775494643162,69814.19000000,0.00008000,buy
1775494643162,69814.19000000,0.00008000,buy
1775494643162,69814.19000000,0.00008000,buy
1775494643162,69814.19000000,0.00008000,buy
1775494643162,69814.19000000,0.00008000,buy
1775494643162,69814.20000000,0.00008000,buy
1775494643162,69814.20000000,0.00008000,buy
1775494643162,69814.20000000,0.00008000,buy
1775494643162,69814.20000000,0.00008000,buy
1775494643162,69814.20000000,0.00008000,buy
1775494643162,69814.20000000,0.00008000,buy
1775494643162,69814.21000000,0.00008000,buy
1775494643162,69814.21000000,0.00008000,buy
1775494643162,69814.21000000,0.00008000,buy
1775494643162,69814.21000000,0.00008000,buy
1775494643162,69814.21000000,0.00008000,buy
1775494643162,69814.26000000,0.00008000,buy
1775494643162,69814.27000000,0.00008000,buy
1775494643163,69814.27000000,0.00008000,buy
1775494643163,69814.27000000,0.00008000,buy
1775494643163,69814.27000000,0.00008000,buy
1775494643166,69814.28000000,0.00030000,buy
1775494643180,69814.28000000,0.00029000,buy
1775494643197,69814.28000000,0.00029000,buy
1775494643212,69814.28000000,0.00029000,buy
1775494643226,69814.28000000,0.00029000,buy
1775494643242,69814.28000000,0.00029000,buy
1775494643258,69814.28000000,0.00029000,buy
1775494643273,69814.28000000,0.00030000,buy
1775494643291,69814.28000000,0.00029000,buy
1775494643305,69814.28000000,0.00029000,buy
1775494643321,69814.28000000,0.00030000,buy
1775494643335,69814.28000000,0.00030000,buy
1775494643351,69814.28000000,0.00029000,buy
1775494643368,69814.28000000,0.00029000,buy
1775494643382,69814.28000000,0.00030000,buy
1775494643399,69814.28000000,0.00030000,buy
1775494643415,69814.28000000,0.00030000,buy
1775494643428,69814.28000000,0.00029000,buy
1775494643443,69814.28000000,0.00029000,buy
1775494643452,69814.28000000,0.00029000,buy
1775494643458,69814.28000000,0.00029000,buy
1775494643475,69814.28000000,0.00030000,buy
1775494643489,69814.28000000,0.00029000,buy
1775494643506,69814.28000000,0.00030000,buy
1775494643523,69814.28000000,0.00029000,buy
1775494643537,69814.28000000,0.00029000,buy
1775494643555,69814.28000000,0.00029000,buy
1775494643575,69814.28000000,0.25432000,buy
1775494643575,69814.28000000,0.00008000,buy
1775494643575,69814.28000000,0.00008000,buy
1775494643575,69814.28000000,0.00008000,buy
1775494643575,69814.28000000,0.00008000,buy
1775494643575,69814.28000000,0.00015000,buy
1775494643575,69814.28000000,0.00008000,buy
1775494643575,69814.28000000,0.00008000,buy
1775494643575,69814.28000000,0.00008000,buy
1775494643575,69814.28000000,0.00140000,buy
1775494643575,69814.28000000,0.00008000,buy
1775494643575,69814.28000000,0.00008000,buy
1775494643575,69814.28000000,0.00008000,buy
1775494643575,69814.28000000,0.24550000,buy
1775494643575,69814.28000000,0.01865000,buy
1775494643575,69814.28000000,0.00015000,buy
1775494643575,69814.28000000,0.00008000,buy
1775494643575,69814.28000000,0.00008000,buy
1775494643575,69814.28000000,0.00008000,buy
1775494643575,69814.28000000,0.00008000,buy
1775494643575,69814.28000000,0.00008000,buy
1775494643575,69814.28000000,0.00008000,buy
1775494643575,69814.28000000,0.00008000,buy
1775494643575,69814.28000000,0.00008000,buy
1775494643575,69814.28000000,0.00008000,buy
1775494643575,69814.28000000,0.00008000,buy
1775494643575,69814.28000000,0.00008000,buy
1775494643575,69814.28000000,0.00008000,buy
1775494643575,69814.28000000,0.00008000,buy
1775494643575,69814.28000000,0.00008000,buy
1775494643575,69814.28000000,0.00008000,buy
1775494643575,69814.28000000,0.00008000,buy
1775494643575,69814.28000000,0.00008000,buy
1775494643575,69814.28000000,0.00008000,buy
1775494643575,69814.28000000,0.00008000,buy
1775494643575,69814.28000000,0.00008000,buy
1775494643575,69814.28000000,0.00008000,buy
1775494643575,69814.28000000,0.00008000,buy
1775494643575,69814.28000000,0.00008000,buy
1775494643575,69814.28000000,0.00008000,buy
1775494643575,69814.28000000,0.00008000,buy
1775494643575,69814.28000000,0.00008000,buy
1775494643575,69814.28000000,0.00008000,buy
1775494643575,69814.28000000,0.00008000,buy
1775494643575,69814.28000000,0.00008000,buy
1775494643575,69814.28000000,0.00008000,buy
1775494643575,69814.28000000,0.00008000,buy
1775494643575,69814.28000000,0.00008000,buy
1775494643575,69814.28000000,0.00008000,buy
1775494643575,69814.28000000,0.00008000,buy
1775494643575,69814.28000000,0.00008000,buy
1775494643575,69814.28000000,0.00008000,buy
1775494643575,69814.28000000,0.00008000,buy
1775494643575,69814.28000000,0.00008000,buy
1775494643575,69814.28000000,0.00008000,buy
1775494643575,69814.28000000,0.00008000,buy
1775494643575,69814.29000000,0.00008000,buy
1775494643575,69814.29000000,0.00008000,buy
1775494643575,69814.29000000,0.00008000,buy
1775494643575,69814.29000000,0.00008000,buy
1775494643575,69815.16000000,0.00008000,buy
1775494643575,69815.98000000,0.00008000,buy
1775494643575,69815.98000000,0.00008000,buy
1775494643575,69815.98000000,0.00015000,buy
1775494643575,69815.98000000,0.00008000,buy
1775494643575,69815.98000000,0.00008000,buy
1775494643575,69815.98000000,0.00008000,buy
1775494643575,69815.98000000,0.00008000,buy
1775494643575,69815.98000000,0.00008000,buy
1775494643575,69815.98000000,0.00008000,buy
1775494643575,69815.98000000,0.00008000,buy
1775494643575,69815.98000000,0.00008000,buy
1775494643575,69815.98000000,0.00008000,buy
1775494643575,69815.98000000,0.00008000,buy
1775494643575,69815.99000000,0.00008000,buy
1775494643575,69815.99000000,0.00008000,buy
1775494643575,69815.99000000,0.00008000,buy
1775494643575,69816.00000000,0.00040000,buy
